1471 2326
386 137 576 176 PLINY:
626 137 890 175 NATURAL
926 135 1163 174 HISTORY

183 243 365 290 stinguit‚
383 245 520 277 cetera
536 239 657 283 illico,
675 238 778 275 hunc
797 238 984 275 videlicet
1001 243 1146 274 natura
1161 237 1366 274 tribuente

186 309 379 346 honorem
406 322 496 345 cum
522 314 586 345 tot
611 307 756 344 beluae
784 307 930 343 viribus
958 312 1181 356 praestent.
1236 308 1367 342 omnia

186 381 403 415 contrarias
430 378 619 414 incubant
646 380 687 413 in
713 382 860 426 partes.
917 375 1035 412 homo
1061 378 1134 411 nisi
1163 380 1368 411 converta-

187 453 254 484 tur
310 450 347 484 ἡ
401 459 610 496 percussus
666 458 747 482 non
802 448 990 494 exspirat.
1072 457 1244 493 superne
1300 446 1366 480 icti

188 516 410 553 considunt.
467 515 632 565 vigilans
658 517 759 551 ictus
785 514 1058 550 coniventibus
1083 513 1218 555 oculis,
1237 512 1369 549 dorm-

189 588 273 622 iens
315 585 545 634 patentibus
586 586 796 633 reperitur.
862 582 1062 619 hominem
1097 585 1153 618 ita
1193 584 1369 618 exanim-

190 660 301 691 atum
346 656 514 690 cremari
565 652 622 689 fas
671 665 750 689 non
792 658 868 695 est,
913 651 1028 688 condi
1076 657 1186 688 terra
1231 650 1371 700 religio

188 723 366 760 tradidit.
395 722 548 759 nullum
590 721 734 758 animal
776 724 849 757 nisi
893 723 1164 757 exanimatum
1205 719 1370 755 fulmine

190 792 431 830 accenditur.
486 791 648 828 volnera
690 790 990 826 fulminatorum
1033 789 1237 839 frigidiora
1279 794 1370 824 sunt

108 867 170 899 146
192 861 346 911 reliquo
371 874 548 910 corpore.
604 859 706 896 LVI.
762 862 874 896 exiis
899 871 1001 908 quae
1023 864 1134 894 terra
1155 860 1372 907 gignuntur

189 930 289 967 lauri
308 929 495 967 fruticem
510 942 590 965 non
604 932 684 965 icit.
740 941 813 965 nec
841 940 1030 977 umquam
1056 929 1230 976 quinque
1254 925 1370 962 altius

190 999 357 1049 pedibus
391 998 598 1035 descendit
630 1001 671 1033 in
703 1004 877 1039 terram3
925 996 1014 1032 ideo
1046 995 1176 1045 pavidi
1211 995 1372 1031 altiores

190 1081 330 1118 specus
363 1070 583 1104 tutissimos
616 1072 776 1116 putant,
809 1071 878 1102 aut
910 1064 1171 1102 tabernacula
1202 1063 1372 1114 pellibus

190 1137 400 1174 beluarum
423 1150 518 1186 quas
541 1136 682 1173 vitulos
705 1135 925 1185 appellant,
946 1137 1132 1184 quoniam
1152 1133 1226 1170 hoc
1245 1132 1373 1170 solum

193 1206 339 1243 animal
361 1219 411 1243 ex
431 1208 592 1242 marinis
613 1218 694 1241 non
713 1207 928 1253 percutiat,
949 1206 1051 1240 sicut
1071 1216 1145 1239 nec
1167 1215 1189 1239 e
1210 1202 1374 1239 volucri-

192 1276 265 1312 bus
282 1275 469 1325 aquilam,
487 1287 588 1324 quae
606 1274 656 1310 ob
672 1273 746 1309 hoc
763 1275 962 1323 armigera
977 1271 1091 1308 huius
1108 1271 1181 1308 teli
1198 1271 1371 1321 fingitur.

191 1347 233 1381 in
258 1344 375 1382 Italia
399 1347 504 1381 inter
527 1343 782 1380 Tarracinam
808 1348 848 1378 et
870 1341 1011 1378 aedem
1032 1341 1225 1377 Feroniae
1243 1346 1373 1377 turres

191 1414 288 1451 belli
313 1413 538 1450 Caesariani
555 1413 569 1435 1
595 1412 842 1461 temporibus
870 1411 1025 1447 desiere
1052 1410 1138 1446 fieri
1162 1409 1271 1446 nulla
1295 1422 1375 1445 non

195 1496 331 1520 earum
350 1482 514 1519 fulmine
535 1481 678 1518 diruta.

110 1557 173 1589 147
247 1552 371 1589 LVII.
427 1551 592 1588 Praeter
608 1550 707 1586 haec
725 1553 764 1586 in
780 1549 795 1572 ²
812 1548 999 1586 inferiore
1017 1548 1128 1585 caelo
1144 1547 1316 1585 relatum
1333 1550 1372 1584 in

192 1627 454 1658 monumenta
478 1627 540 1657 est
564 1620 668 1656 lacte
693 1625 736 1656 et
759 1622 952 1669 sanguine
976 1618 1124 1667 pluisse
1151 1617 1221 1653 Μ’.
1248 1617 1375 1653 Acilio

195 1691 238 1727 C.
258 1691 397 1727 Porcio
415 1703 512 1727 coss.
534 1695 575 1726 et
593 1702 713 1738 saepe
732 1688 827 1724 alias
846 1701 964 1724 carne
982 1690 1083 1724 sicut
1102 1686 1144 1723 P.
1165 1686 1374 1722 Volumnio

195 1759 330 1797 Servio
345 1759 516 1809 Sulpicio
531 1771 644 1801 coss.,
659 1770 789 1808 exque
805 1770 853 1793 ea
868 1770 947 1793 non
961 1759 1160 1806 putruisse
1175 1755 1282 1805 quod
1296 1768 1374 1791 non

333 1846 345 1864 ¹
368 1845 533 1886 Detlessen
549 1857 555 1875 :
590 1843 721 1874 bellices
738 1842 830 1883 (belli
849 1842 955 1874 civilis
975 1841 1154 1882 Mayhoff).

331 1888 343 1907 ²
366 1889 401 1919 in
413 1899 477 1919 om.
493 1886 544 1918 v.l.

501 1993 515 2007 ⁰
541 1990 600 2019 114
623 1996 684 2020 B.c.
926 1986 938 2006 ⁶
961 1987 1022 2018 461
1045 1995 1109 2018 B.o.

192 2054 260 2090 282
