<?xml version="1.0" encoding="UTF-8"?>
<!DOCTYPE html PUBLIC "-//W3C//DTD XHTML 1.0 Transitional//EN"
    "http://www.w3.org/TR/xhtml1/DTD/xhtml1-transitional.dtd">
<html xmlns="http://www.w3.org/1999/xhtml" xml:lang="en" lang="en">
 <head>
  <title>
</title>
<meta http-equiv="Content-Type" content="text/html;charset=utf-8" />
  <meta name='ocr-system' content='tesseract 3.04.00' />
  <meta name='ocr-capabilities' content='ocr_page ocr_carea ocr_par ocr_line ocrx_word'/>
</head>
<body>
  <div class='ocr_page' id='page_1' title='image "./naturalhistory01plinuoft/naturalhistory01plinuoft_0294.png"; bbox 0 0 1471 2326; ppageno 0'>
   <div class='ocr_carea' id='block_1_1' title="bbox 383 148 1159 186">
    <p class='ocr_par' dir='ltr' id='par_1_1' title="bbox 383 148 1159 186">
     <span class='ocr_line' id='line_1_1' title="bbox 383 148 1159 186; baseline -0.001 0"><span class='ocrx_word' id='word_1_1' title='bbox 383 148 550 186; x_wconf 89' lang='lat' dir='ltr'><strong>PLINY</strong></span> <span class='ocrx_word' id='word_1_2' title='bbox 564 162 573 186; x_wconf 72' lang='grc' dir='ltr'><strong>ι</strong></span> <span class='ocrx_word' id='word_1_3' title='bbox 623 149 888 186; x_wconf 88' lang='lat' dir='ltr'>NATURAL</span> <span class='ocrx_word' id='word_1_4' title='bbox 923 148 1159 186; x_wconf 86' lang='lat' dir='ltr'><strong>HISTORY</strong></span> 
     </span>
    </p>
   </div>
   <div class='ocr_carea' id='block_1_2' title="bbox 95 249 1362 1766">
    <p class='ocr_par' dir='ltr' id='par_1_2' title="bbox 183 249 1361 428">
     <span class='ocr_line' id='line_1_2' title="bbox 185 249 1361 301; baseline 0.001 -14"><span class='ocrx_word' id='word_1_5' title='bbox 185 264 287 301; x_wconf 92' lang='lat' dir='ltr'>quae</span> <span class='ocrx_word' id='word_1_6' title='bbox 313 264 337 287; x_wconf 88' lang='lat' dir='ltr'>a</span> <span class='ocrx_word' id='word_1_7' title='bbox 360 252 637 300; x_wconf 79' lang='lat' dir='ltr'><strong>septentrione</strong></span> <span class='ocrx_word' id='word_1_8' title='bbox 662 249 911 286; x_wconf 87' lang='lat' dir='ltr'>descendunt</span> <span class='ocrx_word' id='word_1_9' title='bbox 937 250 988 286; x_wconf 90' lang='lat' dir='ltr'>ad</span> <span class='ocrx_word' id='word_1_10' title='bbox 1012 255 1210 299; x_wconf 90' lang='lat' dir='ltr'>teporem,</span> <span class='ocrx_word' id='word_1_11' title='bbox 1235 250 1361 300; x_wconf 87' lang='lat' dir='ltr'>qualis</span> 
     </span>
     <span class='ocr_line' id='line_1_3' title="bbox 185 313 1360 363; baseline 0.001 -13"><span class='ocrx_word' id='word_1_12' title='bbox 185 320 247 351; x_wconf 88' lang='lat' dir='ltr'>est</span> <span class='ocrx_word' id='word_1_13' title='bbox 260 314 366 350; x_wconf 89' lang='lat' dir='ltr'>urbis</span> <span class='ocrx_word' id='word_1_14' title='bbox 382 320 424 351; x_wconf 91' lang='lat' dir='ltr'>et</span> <span class='ocrx_word' id='word_1_15' title='bbox 438 313 680 363; x_wconf 84' lang='lat' dir='ltr'>Campaniae</span> <span class='ocrx_word' id='word_1_16' title='bbox 694 319 862 356; x_wconf 86' lang='lat' dir='ltr'>tractus,</span> <span class='ocrx_word' id='word_1_17' title='bbox 876 316 989 350; x_wconf 89' lang='lat' dir='ltr'>iuxta</span> <span class='ocrx_word' id='word_1_18' title='bbox 1001 313 1133 350; x_wconf 89' lang='lat' dir='ltr'>hieme</span> <span class='ocrx_word' id='word_1_19' title='bbox 1148 319 1190 351; x_wconf 91' lang='lat' dir='ltr'>et</span> <span class='ocrx_word' id='word_1_20' title='bbox 1204 320 1360 351; x_wconf 83' lang='lat' dir='ltr'>aestate</span> 
     </span>
     <span class='ocr_line' id='line_1_4' title="bbox 183 376 1064 428; baseline -0.001 -14"><span class='ocrx_word' id='word_1_21' title='bbox 183 377 374 428; x_wconf 89' lang='lat' dir='ltr'>fulgurat,</span> <span class='ocrx_word' id='word_1_22' title='bbox 393 377 500 427; x_wconf 92' lang='lat' dir='ltr'>quod</span> <span class='ocrx_word' id='word_1_23' title='bbox 519 390 598 413; x_wconf 90' lang='lat' dir='ltr'>non</span> <span class='ocrx_word' id='word_1_24' title='bbox 617 380 657 413; x_wconf 92' lang='lat' dir='ltr'>in</span> <span class='ocrx_word' id='word_1_25' title='bbox 670 377 686 400; x_wconf 80' lang='lat'>1</span> <span class='ocrx_word' id='word_1_26' title='bbox 705 377 780 413; x_wconf 88' lang='lat' dir='ltr'>alio</span> <span class='ocrx_word' id='word_1_27' title='bbox 799 380 878 413; x_wconf 92' lang='lat' dir='ltr'>situ</span> <span class='ocrx_word' id='word_1_28' title='bbox 899 376 1064 414; x_wconf 83' lang='lat' dir='ltr'>evenit.²</span> 
     </span>
    </p>

    <p class='ocr_par' dir='ltr' id='par_1_3' title="bbox 98 440 1362 1179">
     <span class='ocr_line' id='line_1_5' title="bbox 98 440 1361 491; baseline 0.001 -13"><span class='ocrx_word' id='word_1_29' title='bbox 98 446 161 478; x_wconf 87' lang='lat'>137</span> <span class='ocrx_word' id='word_1_30' title='bbox 238 440 327 478; x_wconf 91' lang='lat' dir='ltr'><strong>LII.</strong></span> <span class='ocrx_word' id='word_1_31' title='bbox 359 441 583 478; x_wconf 90' lang='lat' dir='ltr'>Fulminum</span> <span class='ocrx_word' id='word_1_32' title='bbox 610 444 784 490; x_wconf 91' lang='lat' dir='ltr'>ipsorum</span> <span class='ocrx_word' id='word_1_33' title='bbox 811 440 924 490; x_wconf 91' lang='lat' dir='ltr'>plura</span> <span class='ocrx_word' id='word_1_34' title='bbox 956 453 1105 491; x_wconf 82' lang='lat' dir='ltr'>genera</span> <span class='ocrx_word' id='word_1_35' title='bbox 1135 441 1361 479; x_wconf 87' lang='lat' dir='ltr'>traduntur.</span> 
     </span>
     <span class='ocr_line' id='line_1_6' title="bbox 192 504 1360 554; baseline 0.001 -13"><span class='ocrx_word' id='word_1_36' title='bbox 192 518 295 554; x_wconf 88' lang='lat' dir='ltr'>quae</span> <span class='ocrx_word' id='word_1_37' title='bbox 318 507 423 542; x_wconf 88' lang='lat' dir='ltr'>sicca</span> <span class='ocrx_word' id='word_1_38' title='bbox 447 508 611 542; x_wconf 89' lang='lat' dir='ltr'>veniunt</span> <span class='ocrx_word' id='word_1_39' title='bbox 635 517 714 541; x_wconf 93' lang='lat' dir='ltr'>non</span> <span class='ocrx_word' id='word_1_40' title='bbox 737 504 910 541; x_wconf 88' lang='lat' dir='ltr'>adurunt</span> <span class='ocrx_word' id='word_1_41' title='bbox 933 504 1005 541; x_wconf 86' lang='lat' dir='ltr'>sed</span> <span class='ocrx_word' id='word_1_42' title='bbox 1027 504 1234 554; x_wconf 76' lang='lat' dir='ltr'>dissipant,</span> <span class='ocrx_word' id='word_1_43' title='bbox 1258 518 1360 554; x_wconf 88' lang='lat' dir='ltr'>quae</span> 
     </span>
     <span class='ocr_line' id='line_1_7' title="bbox 182 567 1359 618; baseline 0.001 -13"><span class='ocrx_word' id='word_1_44' title='bbox 182 568 333 605; x_wconf 85' lang='lat' dir='ltr'>fumida</span> <span class='ocrx_word' id='word_1_45' title='bbox 348 568 365 591; x_wconf 76' lang='lat'>³</span> <span class='ocrx_word' id='word_1_46' title='bbox 386 581 466 605; x_wconf 91' lang='lat' dir='ltr'>non</span> <span class='ocrx_word' id='word_1_47' title='bbox 486 574 608 605; x_wconf 89' lang='lat' dir='ltr'>urunt</span> <span class='ocrx_word' id='word_1_48' title='bbox 628 568 699 604; x_wconf 87' lang='lat' dir='ltr'>sed</span> <span class='ocrx_word' id='word_1_49' title='bbox 719 567 929 604; x_wconf 81' lang='lat' dir='ltr'>infuscant.</span> <span class='ocrx_word' id='word_1_50' title='bbox 983 571 1150 605; x_wconf 87' lang='lat' dir='ltr'>tertium</span> <span class='ocrx_word' id='word_1_51' title='bbox 1172 574 1234 605; x_wconf 90' lang='lat' dir='ltr'>est</span> <span class='ocrx_word' id='word_1_52' title='bbox 1255 568 1359 618; x_wconf 91' lang='lat' dir='ltr'>quod</span> 
     </span>
     <span class='ocr_line' id='line_1_8' title="bbox 177 632 1362 682; baseline 0 -14"><span class='ocrx_word' id='word_1_53' title='bbox 177 632 329 669; x_wconf 89' lang='lat' dir='ltr'>clarum</span> <span class='ocrx_word' id='word_1_54' title='bbox 354 638 511 675; x_wconf 87' lang='lat' dir='ltr'>vocant,</span> <span class='ocrx_word' id='word_1_55' title='bbox 534 632 724 668; x_wconf 86' lang='lat' dir='ltr'>mirificae</span> <span class='ocrx_word' id='word_1_56' title='bbox 749 635 922 668; x_wconf 88' lang='lat' dir='ltr'>maxime</span> <span class='ocrx_word' id='word_1_57' title='bbox 948 638 1129 676; x_wconf 89' lang='lat' dir='ltr'>naturae,</span> <span class='ocrx_word' id='word_1_58' title='bbox 1154 646 1231 682; x_wconf 93' lang='lat' dir='ltr'>quo</span> <span class='ocrx_word' id='word_1_59' title='bbox 1256 632 1362 669; x_wconf 89' lang='lat' dir='ltr'>dolia</span> 
     </span>
     <span class='ocr_line' id='line_1_9' title="bbox 181 695 1360 745; baseline 0 -13"><span class='ocrx_word' id='word_1_60' title='bbox 181 695 471 733; x_wconf 86' lang='lat' dir='ltr'>exhauriuntur</span> <span class='ocrx_word' id='word_1_61' title='bbox 520 698 679 733; x_wconf 77' lang='lat' dir='ltr'>intactis</span> <span class='ocrx_word' id='word_1_62' title='bbox 730 699 990 745; x_wconf 89' lang='lat' dir='ltr'>operimentis</span> <span class='ocrx_word' id='word_1_63' title='bbox 1041 696 1232 745; x_wconf 90' lang='lat' dir='ltr'>nulloque</span> <span class='ocrx_word' id='word_1_64' title='bbox 1282 696 1360 733; x_wconf 86' lang='lat' dir='ltr'>alio</span> 
     </span>
     <span class='ocr_line' id='line_1_10' title="bbox 181 759 1361 810; baseline 0 -14"><span class='ocrx_word' id='word_1_65' title='bbox 181 762 350 810; x_wconf 85' lang='lat' dir='ltr'>vestigio</span> <span class='ocrx_word' id='word_1_66' title='bbox 374 760 530 804; x_wconf 88' lang='lat' dir='ltr'>relicto,</span> <span class='ocrx_word' id='word_1_67' title='bbox 555 773 695 796; x_wconf 90' lang='lat' dir='ltr'>aurum</span> <span class='ocrx_word' id='word_1_68' title='bbox 722 765 764 796; x_wconf 90' lang='lat' dir='ltr'>et</span> <span class='ocrx_word' id='word_1_69' title='bbox 789 772 856 796; x_wconf 86' lang='lat' dir='ltr'>aes</span> <span class='ocrx_word' id='word_1_70' title='bbox 883 765 925 796; x_wconf 89' lang='lat' dir='ltr'>et</span> <span class='ocrx_word' id='word_1_71' title='bbox 950 765 1162 809; x_wconf 86' lang='lat' dir='ltr'>argentum</span> <span class='ocrx_word' id='word_1_72' title='bbox 1187 759 1361 809; x_wconf 88' lang='lat' dir='ltr'>liquatur</span> 
     </span>
     <span class='ocr_line' id='line_1_11' title="bbox 181 823 1360 873; baseline 0 -13"><span class='ocrx_word' id='word_1_73' title='bbox 181 826 301 867; x_wconf 89' lang='lat' dir='ltr'>intus,</span> <span class='ocrx_word' id='word_1_74' title='bbox 316 823 480 860; x_wconf 88' lang='lat' dir='ltr'>sacculis</span> <span class='ocrx_word' id='word_1_75' title='bbox 496 826 589 873; x_wconf 85' lang='lat' dir='ltr'>ipsis</span> <span class='ocrx_word' id='word_1_76' title='bbox 606 823 715 860; x_wconf 90' lang='lat' dir='ltr'>nullo</span> <span class='ocrx_word' id='word_1_77' title='bbox 730 823 848 860; x_wconf 90' lang='lat' dir='ltr'>modo</span> <span class='ocrx_word' id='word_1_78' title='bbox 864 823 1056 860; x_wconf 83' lang='lat' dir='ltr'>ambustis</span> <span class='ocrx_word' id='word_1_79' title='bbox 1072 836 1116 860; x_wconf 90' lang='lat' dir='ltr'>ac</span> <span class='ocrx_word' id='word_1_80' title='bbox 1132 836 1182 860; x_wconf 89' lang='lat' dir='ltr'>ne</span> <span class='ocrx_word' id='word_1_81' title='bbox 1197 823 1360 861; x_wconf 85' lang='lat' dir='ltr'>confuso</span> 
     </span>
     <span class='ocr_line' id='line_1_12' title="bbox 181 886 1359 937; baseline 0.001 -14"><span class='ocrx_word' id='word_1_82' title='bbox 181 887 341 936; x_wconf 88' lang='lat' dir='ltr'>quidem</span> <span class='ocrx_word' id='word_1_83' title='bbox 393 890 506 937; x_wconf 88' lang='lat' dir='ltr'>signo</span> <span class='ocrx_word' id='word_1_84' title='bbox 557 900 686 924; x_wconf 88' lang='lat' dir='ltr'>cerae.</span> <span class='ocrx_word' id='word_1_85' title='bbox 743 887 897 923; x_wconf 88' lang='lat' dir='ltr'>Marcia</span> <span class='ocrx_word' id='word_1_86' title='bbox 948 886 1096 923; x_wconf 90' lang='lat' dir='ltr'>femina</span> <span class='ocrx_word' id='word_1_87' title='bbox 1111 887 1126 910; x_wconf 80' lang='lat'>‘²</span> <span class='ocrx_word' id='word_1_88' title='bbox 1177 890 1359 937; x_wconf 91' lang='lat' dir='ltr'>princeps</span> 
     </span>
     <span class='ocr_line' id='line_1_13' title="bbox 180 950 1360 1001; baseline 0.001 -14"><span class='ocrx_word' id='word_1_89' title='bbox 180 950 448 987; x_wconf 84' lang='lat' dir='ltr'>Romanarum</span> <span class='ocrx_word' id='word_1_90' title='bbox 471 954 551 987; x_wconf 91' lang='lat' dir='ltr'>icta</span> <span class='ocrx_word' id='word_1_91' title='bbox 573 950 738 1001; x_wconf 88' lang='lat' dir='ltr'>gravida</span> <span class='ocrx_word' id='word_1_92' title='bbox 761 957 879 1000; x_wconf 89' lang='lat' dir='ltr'>partu</span> <span class='ocrx_word' id='word_1_93' title='bbox 904 953 1132 987; x_wconf 85' lang='lat' dir='ltr'>exanimato</span> <span class='ocrx_word' id='word_1_94' title='bbox 1154 954 1239 1000; x_wconf 88' lang='lat' dir='ltr'>ipsa</span> <span class='ocrx_word' id='word_1_95' title='bbox 1260 954 1360 988; x_wconf 87' lang='lat' dir='ltr'>citra</span> 
     </span>
     <span class='ocr_line' id='line_1_14' title="bbox 176 1014 1360 1065; baseline 0.002 -15"><span class='ocrx_word' id='word_1_96' title='bbox 176 1014 300 1051; x_wconf 91' lang='lat' dir='ltr'>ullum</span> <span class='ocrx_word' id='word_1_97' title='bbox 313 1014 422 1052; x_wconf 86' lang='lat' dir='ltr'>aliud</span> <span class='ocrx_word' id='word_1_98' title='bbox 432 1014 725 1051; x_wconf 90' lang='lat' dir='ltr'>incommodum</span> <span class='ocrx_word' id='word_1_99' title='bbox 738 1017 847 1051; x_wconf 88' lang='lat' dir='ltr'>vixit.</span> <span class='ocrx_word' id='word_1_100' title='bbox 872 1017 913 1050; x_wconf 90' lang='lat' dir='ltr'>in</span> <span class='ocrx_word' id='word_1_101' title='bbox 925 1014 1161 1051; x_wconf 85' lang='lat' dir='ltr'>Catilinariis</span> <span class='ocrx_word' id='word_1_102' title='bbox 1172 1015 1360 1065; x_wconf 79' lang='lat' dir='ltr'>prodigiis</span> 
     </span>
     <span class='ocr_line' id='line_1_15' title="bbox 176 1077 1360 1128; baseline 0.001 -13"><span class='ocrx_word' id='word_1_103' title='bbox 176 1077 417 1128; x_wconf 90' lang='lat' dir='ltr'>Pompeiano</span> <span class='ocrx_word' id='word_1_104' title='bbox 461 1092 509 1115; x_wconf 88' lang='lat' dir='ltr'>ex</span> <span class='ocrx_word' id='word_1_105' title='bbox 552 1081 763 1128; x_wconf 87' lang='lat' dir='ltr'>municipio</span> <span class='ocrx_word' id='word_1_106' title='bbox 810 1078 867 1114; x_wconf 92' lang='lat' dir='ltr'>M.</span> <span class='ocrx_word' id='word_1_107' title='bbox 931 1078 1156 1115; x_wconf 87' lang='lat' dir='ltr'>Herennius</span> <span class='ocrx_word' id='word_1_108' title='bbox 1200 1078 1360 1116; x_wconf 87' lang='lat' dir='ltr'>decurio</span> 
     </span>
     <span class='ocr_line' id='line_1_16' title="bbox 178 1142 791 1179; baseline 0 -1"><span class='ocrx_word' id='word_1_109' title='bbox 178 1155 320 1179; x_wconf 90' lang='lat' dir='ltr'>sereno</span> <span class='ocrx_word' id='word_1_110' title='bbox 336 1142 400 1179; x_wconf 89' lang='lat' dir='ltr'>die</span> <span class='ocrx_word' id='word_1_111' title='bbox 416 1142 582 1178; x_wconf 88' lang='lat' dir='ltr'>fulmine</span> <span class='ocrx_word' id='word_1_112' title='bbox 599 1145 700 1179; x_wconf 89' lang='lat' dir='ltr'>ictus</span> <span class='ocrx_word' id='word_1_113' title='bbox 717 1148 791 1179; x_wconf 91' lang='lat' dir='ltr'>est.</span> 
     </span>
    </p>

    <p class='ocr_par' dir='ltr' id='par_1_4' title="bbox 95 1205 1359 1766">
     <span class='ocr_line' id='line_1_17' title="bbox 95 1205 1359 1244; baseline 0.002 -2"><span class='ocrx_word' id='word_1_114' title='bbox 95 1210 157 1242; x_wconf 86' lang='grc'>138</span> <span class='ocrx_word' id='word_1_115' title='bbox 233 1205 343 1242; x_wconf 94' lang='lat' dir='ltr'><strong>LIII.</strong></span> <span class='ocrx_word' id='word_1_116' title='bbox 397 1206 615 1242; x_wconf 89' lang='lat' dir='ltr'>Tuscorum</span> <span class='ocrx_word' id='word_1_117' title='bbox 654 1206 815 1242; x_wconf 89' lang='lat' dir='ltr'>litterae</span> <span class='ocrx_word' id='word_1_118' title='bbox 856 1219 997 1242; x_wconf 89' lang='lat' dir='ltr'>novem</span> <span class='ocrx_word' id='word_1_119' title='bbox 1037 1206 1132 1243; x_wconf 91' lang='lat' dir='ltr'>deos</span> <span class='ocrx_word' id='word_1_120' title='bbox 1173 1209 1359 1244; x_wconf 86' lang='lat' dir='ltr'>emittere</span> 
     </span>
     <span class='ocr_line' id='line_1_18' title="bbox 178 1268 1358 1320; baseline 0.002 -15"><span class='ocrx_word' id='word_1_121' title='bbox 178 1268 343 1306; x_wconf 82' lang='lat' dir='ltr'>fulmina</span> <span class='ocrx_word' id='word_1_122' title='bbox 376 1272 621 1313; x_wconf 86' lang='lat' dir='ltr'>existimant,</span> <span class='ocrx_word' id='word_1_123' title='bbox 654 1282 781 1319; x_wconf 85' lang='lat' dir='ltr'>eaque</span> <span class='ocrx_word' id='word_1_124' title='bbox 815 1283 901 1306; x_wconf 89' lang='lat' dir='ltr'>esse</span> <span class='ocrx_word' id='word_1_125' title='bbox 934 1269 1119 1306; x_wconf 88' lang='lat' dir='ltr'>undecim</span> <span class='ocrx_word' id='word_1_126' title='bbox 1150 1283 1358 1320; x_wconf 85' lang='lat' dir='ltr'>generum,</span> 
     </span>
     <span class='ocr_line' id='line_1_19' title="bbox 179 1332 1358 1371; baseline 0.002 -2"><span class='ocrx_word' id='word_1_127' title='bbox 179 1332 314 1370; x_wconf 89' lang='lat' dir='ltr'>Iovem</span> <span class='ocrx_word' id='word_1_128' title='bbox 340 1336 446 1370; x_wconf 90' lang='lat' dir='ltr'>enim</span> <span class='ocrx_word' id='word_1_129' title='bbox 469 1336 576 1370; x_wconf 83' lang='lat' dir='ltr'>trina</span> <span class='ocrx_word' id='word_1_130' title='bbox 601 1333 775 1370; x_wconf 88' lang='lat' dir='ltr'>iaculari.</span> <span class='ocrx_word' id='word_1_131' title='bbox 829 1333 995 1370; x_wconf 87' lang='lat' dir='ltr'>Romani</span> <span class='ocrx_word' id='word_1_132' title='bbox 1021 1333 1099 1371; x_wconf 92' lang='lat' dir='ltr'>duo</span> <span class='ocrx_word' id='word_1_133' title='bbox 1124 1340 1283 1371; x_wconf 87' lang='lat' dir='ltr'>tantum</span> <span class='ocrx_word' id='word_1_134' title='bbox 1308 1348 1358 1371; x_wconf 85' lang='lat' dir='ltr'>ex</span> 
     </span>
     <span class='ocr_line' id='line_1_20' title="bbox 178 1397 1358 1441; baseline 0.002 -8"><span class='ocrx_word' id='word_1_135' title='bbox 178 1399 222 1433; x_wconf 92' lang='lat' dir='ltr'>iis</span> <span class='ocrx_word' id='word_1_136' title='bbox 265 1410 489 1440; x_wconf 90' lang='lat' dir='ltr'>servavere,</span> <span class='ocrx_word' id='word_1_137' title='bbox 531 1397 672 1433; x_wconf 83' lang='lat' dir='ltr'>diurna</span> <span class='ocrx_word' id='word_1_138' title='bbox 714 1397 983 1434; x_wconf 86' lang='lat' dir='ltr'>attribuentes</span> <span class='ocrx_word' id='word_1_139' title='bbox 1027 1397 1123 1441; x_wconf 91' lang='lat' dir='ltr'>Iovi,</span> <span class='ocrx_word' id='word_1_140' title='bbox 1164 1404 1358 1435; x_wconf 86' lang='lat' dir='ltr'>nocturna</span> 
     </span>
     <span class='ocr_line' id='line_1_21' title="bbox 177 1459 1358 1512; baseline 0.002 -15"><span class='ocrx_word' id='word_1_141' title='bbox 177 1459 406 1505; x_wconf 90' lang='lat' dir='ltr'>Summano,</span> <span class='ocrx_word' id='word_1_142' title='bbox 427 1464 577 1497; x_wconf 86' lang='lat' dir='ltr'>rariora</span> <span class='ocrx_word' id='word_1_143' title='bbox 608 1474 704 1497; x_wconf 92' lang='lat' dir='ltr'>sane</span> <span class='ocrx_word' id='word_1_144' title='bbox 738 1460 879 1498; x_wconf 88' lang='lat' dir='ltr'>eadem</span> <span class='ocrx_word' id='word_1_145' title='bbox 913 1461 963 1498; x_wconf 90' lang='lat' dir='ltr'>de</span> <span class='ocrx_word' id='word_1_146' title='bbox 996 1474 1114 1498; x_wconf 86' lang='lat' dir='ltr'>causa</span> <span class='ocrx_word' id='word_1_147' title='bbox 1146 1461 1358 1512; x_wconf 84' lang='lat' dir='ltr'>frigidioris</span> 
     </span>
     <span class='ocr_line' id='line_1_22' title="bbox 176 1524 1358 1575; baseline 0.003 -15"><span class='ocrx_word' id='word_1_148' title='bbox 176 1524 288 1561; x_wconf 88' lang='lat' dir='ltr'>caeli.</span> <span class='ocrx_word' id='word_1_149' title='bbox 342 1524 504 1562; x_wconf 86' lang='lat' dir='ltr'>Etruria</span> <span class='ocrx_word' id='word_1_150' title='bbox 541 1538 752 1574; x_wconf 86' lang='lat' dir='ltr'>erumpere</span> <span class='ocrx_word' id='word_1_151' title='bbox 787 1531 898 1562; x_wconf 88' lang='lat' dir='ltr'>terra</span> <span class='ocrx_word' id='word_1_152' title='bbox 935 1539 1093 1575; x_wconf 90' lang='lat' dir='ltr'>quoque</span> <span class='ocrx_word' id='word_1_153' title='bbox 1129 1526 1358 1570; x_wconf 87' lang='lat' dir='ltr'>arbitratur,</span> 
     </span>
     <span class='ocr_line' id='line_1_23' title="bbox 177 1588 1357 1638; baseline 0.003 -14"><span class='ocrx_word' id='word_1_154' title='bbox 177 1601 279 1638; x_wconf 89' lang='lat' dir='ltr'>quae</span> <span class='ocrx_word' id='word_1_155' title='bbox 310 1588 439 1625; x_wconf 87' lang='lat' dir='ltr'>infera</span> <span class='ocrx_word' id='word_1_156' title='bbox 469 1588 661 1638; x_wconf 89' lang='lat' dir='ltr'>appellat,</span> <span class='ocrx_word' id='word_1_157' title='bbox 690 1588 860 1625; x_wconf 85' lang='lat' dir='ltr'>brumali</span> <span class='ocrx_word' id='word_1_158' title='bbox 890 1595 1073 1638; x_wconf 89' lang='lat' dir='ltr'>tempore</span> <span class='ocrx_word' id='word_1_159' title='bbox 1103 1589 1210 1626; x_wconf 80' lang='lat' dir='ltr'>facta</span> <span class='ocrx_word' id='word_1_160' title='bbox 1239 1603 1357 1627; x_wconf 87' lang='lat' dir='ltr'>saeva</span> 
     </span>
     <span class='ocr_line' id='line_1_24' title="bbox 175 1652 1357 1702; baseline 0.002 -14"><span class='ocrx_word' id='word_1_161' title='bbox 175 1655 349 1689; x_wconf 84' lang='lat' dir='ltr'>maxime</span> <span class='ocrx_word' id='word_1_162' title='bbox 369 1658 410 1689; x_wconf 90' lang='lat' dir='ltr'>et</span> <span class='ocrx_word' id='word_1_163' title='bbox 430 1652 702 1696; x_wconf 86' lang='lat' dir='ltr'>exsecrabilia,</span> <span class='ocrx_word' id='word_1_164' title='bbox 720 1666 810 1689; x_wconf 87' lang='lat' dir='ltr'>cum</span> <span class='ocrx_word' id='word_1_165' title='bbox 828 1655 907 1689; x_wconf 87' lang='lat' dir='ltr'>sint</span> <span class='ocrx_word' id='word_1_166' title='bbox 925 1655 1057 1689; x_wconf 90' lang='lat' dir='ltr'>omnia</span> <span class='ocrx_word' id='word_1_167' title='bbox 1075 1666 1177 1702; x_wconf 88' lang='lat' dir='ltr'>quae</span> <span class='ocrx_word' id='word_1_168' title='bbox 1195 1659 1357 1690; x_wconf 89' lang='lat' dir='ltr'>terrena</span> 
     </span>
     <span class='ocr_line' id='line_1_25' title="bbox 176 1716 1356 1766; baseline 0.002 -14"><span class='ocrx_word' id='word_1_169' title='bbox 176 1718 408 1753; x_wconf 81' lang='lat' dir='ltr'>existimant</span> <span class='ocrx_word' id='word_1_170' title='bbox 424 1729 503 1752; x_wconf 91' lang='lat' dir='ltr'>non</span> <span class='ocrx_word' id='word_1_171' title='bbox 518 1716 586 1752; x_wconf 88' lang='lat' dir='ltr'>illa</span> <span class='ocrx_word' id='word_1_172' title='bbox 601 1716 805 1766; x_wconf 85' lang='lat' dir='ltr'>generalia</span> <span class='ocrx_word' id='word_1_173' title='bbox 820 1729 893 1753; x_wconf 90' lang='lat' dir='ltr'>nec</span> <span class='ocrx_word' id='word_1_174' title='bbox 909 1729 933 1752; x_wconf 88' lang='lat' dir='ltr'>a</span> <span class='ocrx_word' id='word_1_175' title='bbox 946 1716 1140 1753; x_wconf 89' lang='lat' dir='ltr'>sideribus</span> <span class='ocrx_word' id='word_1_176' title='bbox 1157 1720 1356 1755; x_wconf 86' lang='lat' dir='ltr'>venientia</span> 
     </span>
    </p>
   </div>
   <div class='ocr_carea' id='block_1_3' title="bbox 178 1817 1349 1980">
    <p class='ocr_par' dir='ltr' id='par_1_5' title="bbox 178 1817 1349 1980">
     <span class='ocr_line' id='line_1_26' title="bbox 227 1817 703 1857; baseline 0.002 -10"><span class='ocrx_word' id='word_1_177' title='bbox 227 1817 240 1837; x_wconf 84' lang='lat'>²</span> <span class='ocrx_word' id='word_1_178' title='bbox 264 1817 507 1857; x_wconf 83' lang='lat' dir='ltr'>in&lt;ullo&gt;alio?</span> <span class='ocrx_word' id='word_1_179' title='bbox 525 1818 703 1849; x_wconf 75' lang='lat' dir='ltr'>Rackham.</span> 
     </span>
     <span class='ocr_line' id='line_1_27' title="bbox 227 1859 720 1900; baseline 0.002 -10"><span class='ocrx_word' id='word_1_180' title='bbox 227 1859 240 1878; x_wconf 80' lang='lat'>²</span> <span class='ocrx_word' id='word_1_181' title='bbox 262 1861 377 1891; x_wconf 82' lang='lat' dir='ltr'>evenit</span> <span class='ocrx_word' id='word_1_182' title='bbox 388 1871 452 1891; x_wconf 85' lang='lat' dir='ltr'>om.</span> <span class='ocrx_word' id='word_1_183' title='bbox 466 1861 555 1891; x_wconf 80' lang='lat' dir='ltr'>codd.</span> <span class='ocrx_word' id='word_1_184' title='bbox 571 1861 720 1900; x_wconf 72' lang='lat' dir='ltr'>plurimi.</span> 
     </span>
     <span class='ocr_line' id='line_1_28' title="bbox 178 1902 1349 1980; baseline 0.003 -47"><span class='ocrx_word' id='word_1_185' title='bbox 178 1902 394 1980; x_wconf 49' lang='lat' dir='ltr'>urgicssimida</span> <span class='ocrx_word' id='word_1_186' title='bbox 419 1904 589 1944; x_wconf 83' lang='grc' dir='ltr'>(ψολόεντα</span> <span class='ocrx_word' id='word_1_187' title='bbox 615 1902 771 1935; x_wconf 72' lang='lat' dir='ltr'>Aristode</span> <span class='ocrx_word' id='word_1_188' title='bbox 798 1903 965 1936; x_wconf 74' lang='lat' dir='ltr'>Meteorol.</span> <span class='ocrx_word' id='word_1_189' title='bbox 994 1905 1089 1937; x_wconf 83' lang='lat' dir='ltr'>371a</span> <span class='ocrx_word' id='word_1_190' title='bbox 1118 1905 1174 1945; x_wconf 87' lang='lat'>21)</span> <span class='ocrx_word' id='word_1_191' title='bbox 1207 1904 1349 1937; x_wconf 73' lang='lat' dir='ltr'>Brotier:</span> 
     </span>
    </p>
   </div>
   <div class='ocr_carea' id='block_1_4' title="bbox 170 1987 654 2098">
    <p class='ocr_par' dir='ltr' id='par_1_6' title="bbox 170 1987 654 2098">
     <span class='ocr_line' id='line_1_29' title="bbox 224 1987 654 2029; baseline 0.005 -11"><span class='ocrx_word' id='word_1_192' title='bbox 224 1987 239 2006; x_wconf 80' lang='lat'><strong>⁴</strong></span> <span class='ocrx_word' id='word_1_193' title='bbox 260 1988 387 2018; x_wconf 81' lang='lat' dir='ltr'>femina</span> <span class='ocrx_word' id='word_1_194' title='bbox 401 1987 475 2019; x_wconf 76' lang='lat' dir='ltr'>add.</span> <span class='ocrx_word' id='word_1_195' title='bbox 493 1987 654 2029; x_wconf 77' lang='lat' dir='ltr'>Mayhoff.</span> 
     </span>
     <span class='ocr_line' id='line_1_30' title="bbox 170 2061 241 2098; baseline -0.028 0"><span class='ocrx_word' id='word_1_196' title='bbox 170 2062 190 2087; x_wconf 84' lang='lat'><em>²</em></span> <span class='ocrx_word' id='word_1_197' title='bbox 196 2061 241 2098; x_wconf 91' lang='lat'>74</span> 
     </span>
    </p>
   </div>
  </div>
 </body>
</html>
