1471 2326
316 128 482 166 PLINY
497 141 506 166 :
556 127 820 165 NATURAL
855 126 1092 165 HISTORY

111 229 251 267 XLIII
288 235 329 266 et
363 232 496 278 priore
530 228 630 264 libro
664 228 782 264 XXII
802 246 844 259 =
865 227 988 271 LXV,
1021 227 1293 277 Commageno

112 282 147 317 V
180 288 221 319 et
251 284 384 331 priore
414 281 515 317 libro
546 281 568 302 ’χ
589 280 643 317 IV
661 299 703 312 =
724 280 746 302 ’χ
766 280 838 324 ΙΧ,
867 293 996 330 cygno
1027 280 1061 316 V
1092 286 1133 317 et
1162 283 1294 329 priore

111 335 212 372 libro
252 335 269 371 Ι
289 353 331 366 =
352 334 422 377 VI,
460 333 568 370 otide
608 333 663 377 II,
700 347 816 370 corvo
856 333 911 369 IV
949 339 991 370 et
1027 335 1159 381 priore
1194 333 1294 369 libro

114 387 155 424 II
175 407 216 419 z
238 387 308 431 VI,
328 390 484 424 cornice
508 386 547 423 II
571 392 613 423 et
634 389 767 436 priore
787 386 888 422 libro
911 385 928 422 Ι
946 404 989 417 =
1011 385 1088 429 ΙΙΙ,
1109 388 1295 434 accipitre

114 440 154 477 II
183 447 224 477 et
248 443 381 489 priore
405 440 506 476 libro
533 439 572 475 ΙΙ
591 457 633 470 =
656 439 724 482 IV,
748 439 866 475 milvo
891 438 946 474 VI
973 444 1015 475 et
1039 441 1171 488 priore
1194 438 1296 475 libro

114 493 154 530 II
175 512 216 524 =
237 493 351 536 VIII,
372 506 470 542 grue
493 492 526 535 I,
545 495 695 528 ciconia
717 491 734 528 I
757 497 798 528 et
818 494 953 541 priore
971 491 1074 527 libro
1096 491 1135 527 II
1155 509 1196 522 =
1219 490 1295 534 ΙΙΙ,

113 546 220 583 ibide
241 546 318 589 III,
337 545 487 582 ardiola
507 545 539 587 I,
558 550 677 581 anate
698 544 753 581 IV
773 550 814 581 et
832 547 966 594 priore
982 544 1084 580 libro
1105 543 1144 580 II
1163 562 1205 575 =
1225 543 1296 587 VI,

112 612 253 648 mergo
287 599 341 642 II,
374 598 534 647 perdice
566 598 624 634 XI
659 603 701 634 et
732 600 865 646 priore
895 597 996 634 libro
1028 597 1083 633 VI
1102 615 1144 628 =
1163 595 1296 640 XVII,

113 652 301 702 palumbe
364 651 460 687 XIV
523 656 565 687 et
626 653 758 699 priore
819 650 920 686 libro
981 649 1004 671 ‘¹'
1024 649 1064 686 II
1082 667 1125 681 =
1145 648 1169 671 ‘¹'
1186 648 1296 693 XVI,

113 704 285 754 galerita
316 704 384 748 IV,
412 703 551 740 cuculo
581 703 614 747 I,
642 706 731 752 pico
762 702 913 740 Martio
942 702 976 746 I,
1003 708 1163 739 turture
1191 701 1226 738 V
1255 707 1297 739 et

112 760 246 807 priore
265 757 368 793 libro
389 756 443 792 IV
461 775 503 788 =
525 756 597 800 IX,
615 756 743 792 turdis
765 755 842 799 III,
860 755 1015 792 merula
1036 755 1069 799 I,
1087 754 1297 791 hirundine

114 810 250 847 XXIV
281 816 323 846 et
352 812 487 859 priore
516 809 619 845 libro
651 809 767 845 IX=
787 808 983 852 XXXIII,
1013 813 1159 844 noctua
1189 807 1224 843 V
1255 813 1298 844 et

113 866 246 912 priore
269 863 369 899 libro
394 862 449 898 IV
466 880 508 893 =
530 861 602 905 IX,
625 861 733 898 ulula
756 861 775 898 I
799 867 841 898 et
862 864 996 910 priore
1017 861 1119 897 libro
1142 860 1161 897 I
1178 878 1221 892 =
1243 859 1297 904 II,

114 914 880 1018 {²3¹3ng{¹¹1¹}5‘L‘22135115323ss’fflzss
901 913 1298 1016 ssissrev1¹1i³3fss³³i³x³seffi

114 1021 233 1065 XIII,
255 1021 399 1057 cicadis
424 1021 456 1064 I,
479 1021 619 1070 apibus
642 1020 719 1056 VII
744 1026 786 1057 et
807 1022 942 1069 priore
963 1019 1065 1056 libro
1088 1019 1122 1054 V
1139 1037 1181 1051 =
1201 1017 1297 1062 XII,

114 1077 243 1123 vespis
284 1074 338 1117 ΙΙ,
376 1074 558 1122 bupresti
597 1073 658 1109 ΙΙΙ
699 1079 740 1110 et
777 1076 909 1122 priore
944 1072 1046 1109 libro
1085 1071 1146 1108 ΙΙΙ
1165 1090 1208 1103 =
1228 1071 1299 1115 VI,

114 1130 377 1177 pityocampis
415 1126 470 1163 IV
505 1132 548 1163 et
582 1129 717 1175 priore
750 1125 851 1162 libro
887 1125 988 1162 II=
1008 1125 1079 1169 VI,
1113 1124 1299 1175 (naturae

114 1181 408 1230 benignitatem
434 1185 475 1216 et
498 1178 625 1215 foedis
651 1178 888 1215 animalibus
913 1180 1129 1215 inseruisse
1153 1189 1299 1227 magna

114 1233 321 1282 remedia.)
373 1232 587 1269 scarabaeo
615 1231 692 1268 VII
722 1237 764 1268 et
790 1234 925 1280 priore
951 1231 1055 1268 libro
1085 1230 1164 1267 I=
1185 1229 1300 1274 VIII,

114 1286 246 1322 blatta
270 1285 373 1322 XIII
401 1291 442 1322 et
467 1288 601 1334 priore
626 1285 726 1321 libro
753 1284 809 1320 IV
825 1303 868 1316 =
886 1283 1017 1321 XVII.
1073 1283 1123 1320 de
1149 1296 1300 1333 genere

114 1338 414 1375 cantharidum:
454 1338 675 1374 medicinae
709 1350 758 1375 ex
789 1336 848 1374 his
876 1336 935 1373 XI
966 1342 1008 1374 et
1035 1339 1170 1386 priore
1198 1336 1299 1372 libro

115 1391 150 1427 V
168 1410 209 1423 Ξ
229 1391 339 1435 XVI,
382 1394 520 1428 cimice
564 1390 598 1426 V
642 1396 684 1427 et
726 1393 860 1439 priore
902 1390 1004 1426 libro
1049 1389 1108 1426 IX
1126 1407 1167 1421 =
1189 1388 1299 1433 XIV,

115 1458 252 1482 musca
282 1444 317 1480 V
349 1450 391 1481 et
420 1446 554 1493 priore
585 1443 684 1480 libro
716 1443 739 1465 ἦ
757 1443 835 1479 VII
853 1461 896 1474 =
915 1442 1011 1487 XII,
1040 1442 1202 1479 locustis
1237 1441 1298 1478 III

116 1504 159 1534 et
183 1500 316 1546 priore
339 1497 440 1533 libro
467 1496 522 1533 IV
539 1515 581 1528 =
602 1496 694 1539 VII,
718 1495 891 1532 formicis
916 1495 952 1532 V
977 1501 1019 1532 et
1043 1498 1176 1544 priore
1199 1495 1300 1531 libro

117 1550 179 1587 ΙΙΙ
200 1569 240 1582 z
262 1550 374 1587 VIII.
429 1550 613 1587 Summa:
668 1549 889 1586 medicinae
935 1554 977 1586 et
1021 1547 1210 1585 historiae
1257 1553 1300 1586 et

117 1604 415 1640 observationes
438 1601 682 1639 DCCCLIV.

169 1657 231 1692 Ex
249 1656 475 1692 auctoribus
491 1669 498 1691 ε
533 1655 591 1692 Μ.
610 1654 804 1698 Varrone,
822 1654 995 1704 Nigidio,
1016 1653 1073 1691 M.
1093 1653 1300 1698 Cicerone,

117 1709 255 1746 Sextio
293 1709 416 1759 Nigro
454 1711 520 1758 qui
558 1708 712 1745 Graece
748 1710 919 1757 scripsit,
958 1707 1108 1744 Licinio
1147 1706 1299 1743 Macro.

119 1764 330 1800 Exterm's:
374 1761 556 1805 Eudoxo,
584 1760 816 1805 Aristotele,
844 1760 1079 1810 Hermippo,
1110 1760 1301 1804 Homero,

118 1817 289 1864 Apione,
335 1814 511 1864 Orpheo,
556 1814 801 1857 Democrito,
844 1813 1052 1850 Anaxilao.
1109 1813 1302 1850 Medicis:

118 1868 282 1918 Botrye,
324 1867 581 1917 Apollodoro,
624 1866 864 1910 Menandro,
905 1865 1171 1909 Archedemo,
1213 1866 1302 1902 Ari-

117 1927 301 1971 stogene,
333 1921 576 1964 Xenocrate,
610 1919 803 1963 Diodoro,
836 1919 1071 1970 Chrysippo,
1104 1918 1300 1969 Philippo,

119 1973 216 2017 Oro,
239 1974 453 2018 Nicandro,
475 1973 688 2023 Apollonio
711 1972 915 2010 Pitanaeo.

123 2046 192 2093 138
