1471 2326
145 197 182 228 31

145 514 186 545 32

143 770 184 800 33

407 90 600 128 PLINY:
648 90 914 128 NATURAL
950 89 1191 128 HISTORY

214 206 349 229 eorum
369 206 443 243 ego
463 195 661 229 orationes
680 195 750 229 sivi
769 191 1082 242 praeterfluere.'
1127 205 1199 229 nec
1220 191 1387 230 Plancus

213 257 400 306 inlepide,
429 270 518 292 cum
548 256 748 293 diceretur
776 257 936 293 Asinius
967 254 1090 292 Pollio
1119 258 1318 293 orationes
1347 258 1387 292 in

213 332 305 356 eum
335 333 475 369 parare
506 333 608 369 quae
640 320 689 356 ab
719 322 804 370 ipso
835 325 905 356 aut
934 319 1066 356 liberis
1096 325 1187 369 post
1216 325 1388 356 mortem

212 381 344 420 Planci
361 383 589 427 ederentur,
602 396 652 420 ne
668 383 908 433 respondere
927 388 1076 433 posset,
1088 388 1098 403 ⁵
1113 396 1204 419 cum
1222 384 1388 419 mortuis

212 460 290 482 non
303 449 376 483 nisi
392 446 518 483 larvas
535 444 704 483 luctari.'
749 460 827 496 quo
841 447 948 483 dicto
964 449 1018 483 sic
1034 448 1274 496 repercussit
1289 446 1388 491 illas,

212 516 257 547 ut
282 510 388 560 apud
414 510 589 547 eruditos
615 510 710 546 nihil
734 510 1006 559 impudentius
1031 510 1241 546 iudicetur.
1294 522 1390 560 ergo

213 576 339 610 securi
352 576 474 610 etiam
486 580 624 610 contra
636 573 930 624 vitilitigatores
943 574 1057 623 (quos
1070 573 1169 610 Cato
1183 573 1390 623 eleganter

213 650 264 674 ex
298 640 402 674 vitiis
436 643 478 674 et
511 637 777 688 litigatoribus
811 640 1032 687 conposuit,
1066 637 1162 687 quid
1196 640 1301 674 enim
1335 637 1387 673 illi

213 700 320 737 aliud
340 714 459 750 quam
479 701 640 750 litigant
660 707 729 737 aut
748 701 861 737 litem
880 706 1079 750 quaerunt
1092 701 1123 750 ?)
1143 713 1390 750 exequemur

211 764 362 814 reliqua
389 767 592 814 propositi.
647 767 740 814 quia
767 765 1094 814 occupationibus
1123 766 1202 801 tujs
1230 764 1390 814 publico

214 828 317 864 bono
356 828 600 877 parcendum
640 834 740 872 erat,
780 828 874 878 quid
914 827 1078 878 singulis
1116 830 1390 864 contineretur

214 891 320 928 libris
355 891 445 928 huic
479 891 674 941 epistulae
709 892 908 935 subiunxi,
943 904 1177 941 summaque
1211 904 1306 927 cura
1338 904 1390 928 ne

214 954 403 1005 legendos
432 968 498 992 eos
526 955 693 992 haberes
722 968 885 1004 operam
913 954 1018 991 dedi.
1072 960 1119 992 tu
1146 968 1218 1004 per
1244 954 1318 991 hoc
1347 960 1389 992 et

213 1018 297 1055 aliis
328 1019 549 1068 praestabis
579 1032 629 1056 ne
660 1018 884 1068 perlegant,
914 1018 985 1055 sed
1014 1024 1060 1055 ut
1089 1020 1257 1068 quisque
1287 1018 1388 1055 desi-

211 1082 369 1119 derabit
393 1082 541 1132 aliquid
564 1082 604 1119 id
627 1088 786 1118 tantum
810 1088 992 1131 quaerat,
1016 1088 1058 1119 et
1081 1085 1180 1119 sciat
1204 1095 1282 1131 quo
1305 1082 1390 1119 loco

213 1147 401 1182 inveniat.
444 1145 517 1182 hoc
533 1152 627 1182 ante
643 1159 707 1182 me
724 1145 820 1182 fecit
835 1148 875 1181 in
890 1146 1034 1182 litteris
1051 1147 1194 1182 nostris
1210 1145 1390 1183 Valerius

212 1208 385 1246 Soranus
403 1212 443 1245 in
462 1209 569 1246 libris
588 1222 685 1259 quos
704 1210 906 1247 ἐποπτίδων
924 1211 1133 1258 inscripsit.

253 1342 266 1356 ⁰
292 1338 440 1377 Perhaps
462 1337 529 1367 this
551 1337 626 1367 title
649 1336 700 1367 for
721 1347 739 1367 a
762 1336 852 1367 work
875 1336 912 1367 of
930 1336 1139 1377 scholamhip
1161 1336 1307 1367 denoted
1332 1337 1391 1368 the

209 1382 302 1411 inner
326 1385 450 1410 secrets
474 1379 512 1409 of
533 1379 682 1421 learning
707 1380 780 1410 into
805 1379 914 1410 which
938 1380 965 1411 it
989 1379 1159 1410 admitted
1184 1379 1243 1410 the
1267 1380 1391 1413 Muses.

206 1423 355 1455 Soranus
372 1422 404 1453 fl.
425 1424 486 1454 100
503 1431 569 1455 B.C.
