1471 2326
352 125 519 163 PLINY
533 139 542 163 :
591 126 856 164 NATURAL
890 125 1128 163 HISTORY

149 229 200 264 sit
225 240 387 264 necesse
414 227 720 276 amplitudinem
747 230 829 264 eius
853 227 1056 264 oculorum
1085 229 1328 278 argumentis

83 293 125 324 50
152 296 274 338 atque
307 291 538 324 coniectura
570 291 689 324 animi
722 291 914 325 scrutari:
960 290 1197 324 immensum
1231 301 1330 332 esse,

150 352 242 398 quia
268 349 454 385 arborum
481 352 521 384 in
546 349 737 385 limitibus
763 355 1039 398 porrectarum
1066 351 1106 385 in
1132 349 1330 398 quotlibet

149 422 336 459 passuum
358 409 466 446 milia
487 410 646 446 umbras
667 410 828 459 paribus
850 413 967 446 iaciat
988 409 1207 446 intervallis
1228 415 1329 446 tam-

149 483 270 519 quam
293 476 381 507 toto
405 473 534 519 spatio
557 470 726 514 medius,
751 476 792 507 et
818 473 910 519 quia
934 483 1006 520 per
1031 473 1328 520 aequinoctium

148 531 330 567 omnibus
357 534 398 567 in
423 531 644 567 meridiana
670 531 789 581 plaga
816 530 1088 567 habitantibus
1115 531 1232 567 simul
1259 531 1327 567 fiat

149 604 172 627 a
194 594 358 635 vertice,
379 595 477 628 item
501 594 592 640 quia
613 594 717 628 circa
738 592 989 628 solstitialem
1011 591 1199 628 circulum
1222 591 1331 629 habi-

148 655 322 689 tantium
351 653 518 689 meridie
549 652 600 689 ad
627 655 946 702 septentrionem
976 653 1141 689 umbrae
1170 652 1329 696 cadant,

148 719 239 750 ortu
261 726 356 750 vero
378 713 429 750 ad
450 726 646 756 occasum,
668 726 770 762 quae
793 713 878 750 fieri
899 713 1008 750 nullo
1029 713 1146 750 modo
1167 719 1328 762 possent

148 776 221 810 nisi
244 774 370 810 multo
394 787 513 823 quam
536 780 646 811 terra
668 777 792 810 maior
815 780 935 817 esset,
959 779 1001 811 et
1025 774 1130 823 quod
1152 779 1329 810 montem

149 834 262 871 Idam
284 838 467 871 exoriens
488 834 700 871 latitudine
723 840 953 884 exsuperet,
973 834 1119 871 dextra
1138 835 1329 884 laevaque

146 895 256 945 large
323 895 584 944 amplectens,
648 898 888 945 praesertim
954 901 1069 932 tanto
1135 895 1329 932 discretus

146 956 369 993 intervallo.

81 1022 120 1052 61
202 1016 398 1054 Defectus
437 1017 554 1053 lunae
592 1017 912 1067 magnitudinem
952 1019 1034 1054 eius
1073 1016 1170 1053 haut
1210 1017 1330 1054 dubia

146 1080 301 1114 ratione
313 1077 506 1121 declarat,
517 1080 619 1114 sicut
631 1084 766 1114 terrae
778 1081 1019 1127 parvitatem
1031 1081 1115 1127 ipse
1127 1077 1327 1115 deficiens.

147 1152 320 1188 namque
338 1152 429 1175 cum
446 1141 525 1175 sint
541 1144 625 1175 tres
644 1139 876 1175 umbrarum
894 1139 1060 1189 figurae,
1076 1144 1329 1188 constetque,

147 1202 179 1236 si
220 1212 292 1249 par
333 1200 469 1236 lumini
510 1202 562 1236 sit
603 1203 774 1236 materia
815 1212 918 1249 quae
958 1202 1091 1243 iaciat,
1132 1200 1316 1236 umbram

146 1260 384 1297 columnae1
423 1261 552 1310 effigie
589 1263 661 1296 iaci
698 1273 772 1297 nec
808 1259 958 1297 habere
996 1260 1130 1304 finem,
1165 1263 1197 1297 si
1235 1274 1330 1297 vero

146 1324 273 1357 maior
303 1323 473 1358 materia
511 1334 630 1370 quam
667 1320 817 1365 lumen,
847 1322 1015 1358 turbinis
1053 1324 1166 1365 recti,
1197 1327 1242 1358 ut
1278 1324 1330 1358 sit

149 1384 273 1418 imum
310 1385 393 1418 eius
431 1385 757 1431 angustissimum
794 1388 835 1419 et
870 1382 988 1418 simili
1024 1382 1142 1418 modo
1178 1382 1331 1419 infinita

147 1442 369 1492 longitudo,
385 1446 417 1479 si
434 1446 563 1479 minor
579 1446 751 1480 materia
768 1456 888 1492 quam
905 1443 987 1486 lux,
1003 1449 1138 1480 metae
1156 1446 1331 1480 existere

147 1504 319 1553 effigiem
352 1506 391 1539 in
423 1506 636 1540 cacuminis
671 1503 791 1540 finem
824 1504 1091 1548 desinentem,
1122 1503 1327 1554 talemque

145 1567 255 1600 cerni
288 1565 471 1601 umbram
504 1565 716 1601 deficiente
749 1565 856 1609 luna,
888 1565 1021 1614 palam
1054 1565 1112 1608 fit,
1145 1571 1190 1602 ut
1222 1565 1330 1601 nulla

146 1625 314 1674 amplius
381 1626 629 1675 relinquatur
696 1626 894 1662 dubitatio
959 1625 1085 1662 solem
1140 1639 1330 1675 superare

78 1691 121 1721 52
147 1686 464 1736 magnitudinem
488 1693 635 1723 terrae.
690 1686 730 1723 id
756 1686 916 1736 quidem
941 1692 983 1723 et
1005 1689 1137 1723 tacitis
1161 1692 1329 1724 naturae

146 1749 266 1796 ipsius
285 1747 435 1784 indiciis
450 1761 458 1784 :
488 1761 556 1784 cur
573 1750 679 1784 enim
694 1750 853 1797 partitis
870 1748 1017 1784 vicibus
1034 1750 1126 1784 anni
1140 1747 1329 1784 brumalis

523 1833 535 1852 ²
560 1832 730 1873 cylindri?
749 1833 928 1864 Rackham.

306 1971 320 1986 ⁶
344 1967 403 1999 Le.
421 1967 548 1999 central
563 1970 600 1998 at
614 1978 716 2009 every
731 1968 829 2009 point
844 1968 878 1998 in
892 1967 951 1999 the
965 1978 1065 2010 space
1079 1967 1176 1999 alike.

149 2041 219 2065 200
