1471 2326
365 120 533 158 PLINY
547 134 555 158 ε
604 121 869 159 NATURAL
902 121 1139 160 HISTORY

160 222 339 260 abscedit
389 228 435 259 ut
486 225 663 259 noctium
703 226 903 273 opacitate
953 229 1082 260 terras
1132 222 1340 261 reficiat?1

164 282 374 313 exusturus
395 275 493 312 haut
513 276 646 319 dubie,
663 281 704 312 et
724 279 779 313 sic
799 289 957 326 quoque
979 290 1148 314 exurens
1169 277 1341 327 quadam

160 332 202 365 in
218 334 350 377 parte,
366 334 483 366 tanta
500 329 736 379 magnitudo
755 335 829 366 est.

94 387 137 418 53
214 382 283 418 IX.
312 382 367 418 Et
380 385 578 418 rationem
593 382 755 431 quidem
769 381 952 419 defectus
967 385 1176 431 utriusque
1190 385 1341 432 primus

161 434 329 471 Romani
357 438 516 484 generis
545 437 586 471 in
613 435 777 485 wulgum
807 435 953 472 extulit
981 435 1174 484 Sulpicius
1205 435 1342 472 Gallus

162 488 245 537 (qui
268 488 403 524 consul
425 501 515 524 cum
540 487 599 524 M.
625 487 822 524 Marcello
845 487 935 532 fuit,
957 488 1028 525 sed
1049 494 1137 525 tum
1158 489 1342 525 tribunus

160 540 363 590 militum),
385 540 653 577 sollicitudine
677 544 858 578 exercitu
879 541 1051 578 liberato
1073 541 1201 590 pridie
1225 554 1344 590 quam

161 593 330 630 Perseus
354 607 425 630 rex
449 599 660 643 superatus
686 607 710 630 a
734 593 858 630 Paulo
884 599 946 631 est
970 597 1011 630 in
1034 597 1267 630 concionem
1292 594 1342 631 ab

161 649 404 695 imperatore
446 646 664 696 productus
708 647 759 683 ad
799 646 1109 696 praedicendam
1142 647 1341 696 eclipsim3

161 712 255 736 mox
286 705 328 736 et
357 702 564 749 conposito
595 700 808 736 volumine.
863 700 970 749 apud
1000 700 1176 736 Graecos
1207 705 1344 736 autem

162 755 415 802 investigavit
485 755 635 802 primus
706 755 881 789 omnium
950 752 1092 789 Thales
1164 752 1344 789 Milesius

163 805 411 854 Olumpiadis
453 805 628 842 XLVIII
671 818 774 842 anno
818 811 961 855 quarto
1002 805 1209 855 praedicto
1250 805 1343 842 solis

162 858 326 895 defectu
356 861 421 907 qui
451 858 619 908 Alyatte
646 871 743 908 rege
771 857 900 895 factus
931 864 993 895 est
1021 859 1130 895 urbis
1158 858 1344 895 conditae

162 924 266 947 anno
293 911 449 948 CLXX.
503 917 595 960 post
623 924 690 948 eos
717 914 926 961 utriusque
952 910 1094 948 sideris
1120 924 1279 948 cursum
1304 914 1345 947 in

161 970 372 1001 sexcentos
418 977 541 1001 annos
586 967 832 1014 praececinit
877 963 1144 1014 Hipparchus,
1187 977 1344 1001 menses

161 1019 344 1067 gentium
370 1017 534 1066 diesque
562 1023 604 1054 et
629 1017 746 1054 horas
773 1030 818 1054 ac
843 1020 942 1054 situs
967 1017 1147 1054 locorum
1173 1023 1216 1054 et
1240 1019 1344 1054 visus

160 1070 399 1119 populorum
433 1070 664 1119 conplexus,
700 1083 797 1107 aevo
832 1076 941 1107 teste
975 1069 1074 1107 haut
1109 1070 1187 1107 alio
1223 1069 1343 1107 modo

94 1129 139 1159 54
165 1136 284 1172 quam
309 1123 563 1160 consiliorum
589 1129 758 1160 naturae
783 1126 996 1173 particeps.
1050 1125 1122 1160 viri
1147 1126 1346 1173 ingentes,

161 1189 361 1225 supraque
395 1176 625 1213 mortalium
660 1182 860 1220 naturam,
893 1181 1101 1213 tantorum
1135 1178 1345 1212 numinum

160 1228 251 1279 lege
284 1229 534 1279 deprehensa
568 1235 610 1266 et
642 1232 790 1266 misera
822 1228 1027 1266 hominum
1059 1235 1197 1266 mente
1233 1235 1345 1266 metu

160 1282 323 1326 soluta‚2
354 1285 395 1318 in
425 1282 649 1319 defectibus
681 1282 858 1319 siderum
888 1282 1042 1319 scelera
1072 1288 1142 1319 aut
1173 1287 1346 1319 mortem

163 1335 337 1385 aliquam
365 1341 539 1385 pavente
569 1336 663 1385 (quo
692 1338 733 1372 in
761 1341 875 1372 metu
902 1334 1025 1372 fuisse
1054 1334 1273 1372 Stesichori
1303 1341 1345 1372 et

163 1387 323 1425 Pin-dari
345 1394 481 1425 vatum
503 1388 688 1425 sublimia
709 1401 780 1425 ora
799 1388 934 1438 palam
957 1393 1018 1425 est
1040 1387 1215 1437 deliquio
1236 1387 1346 1437 solis)

163 1447 233 1478 aut
256 1444 296 1477 in
318 1441 435 1478 lunae
458 1441 650 1478 veneficia
672 1447 869 1492 arguente
891 1441 1143 1478 mortalitate
1167 1446 1209 1478 et
1231 1441 1282 1477 ob
1305 1441 1345 1478 id

161 1497 317 1544 crepitu
335 1495 492 1531 dissono
511 1495 730 1531 auxiliante
749 1494 843 1544 (quo
859 1507 1008 1544 pavore
1025 1497 1185 1544 ignarus
1202 1507 1346 1531 causae

163 1547 293 1584 Nicias
312 1547 618 1584 Atheniensium
636 1551 857 1597 imperator
873 1550 1024 1584 veritus
1042 1547 1210 1584 classem
1226 1553 1347 1597 portu

319 1642 331 1661 ²
355 1641 484 1672 reficiat
505 1640 674 1682 <aliter>?
691 1641 871 1672 Rackham.

315 1684 327 1703 ²
350 1684 540 1715 Rackham:
570 1687 685 1715 mente
700 1683 862 1721 insoluta,
880 1686 994 1715 mente
1009 1682 1181 1715 absoluta.

213 1817 227 1832 '²
249 1812 294 1844 At
312 1812 443 1854 Pydna,
462 1812 523 1843 168
542 1820 609 1844 B.c.

211 1854 224 1874 ὁ
247 1855 397 1896 Perhaps
412 1855 497 1886 situs
513 1854 653 1885 denotes
670 1853 815 1885 latitude
832 1853 900 1885 and
917 1854 1010 1886 visus
1025 1853 1210 1894 longitude.

209 1903 221 1918 ⁶
245 1898 292 1930 Or
310 1897 461 1939 possibly
481 1896 490 1910 ‘
504 1907 542 1928 as
559 1897 645 1928 time
662 1896 725 1927 has
742 1895 885 1926 shown.'

206 1941 221 1960 ‘¹
245 1942 383 1979 Pindar,
408 1940 450 1972 fr.
477 1941 519 1972 74
543 1939 711 1981 (Bergk2).
757 1939 830 1971 The
854 1948 998 1980 passage
1023 1937 1062 1969 of
1083 1936 1297 1970 Stesichorus
1321 1937 1350 1969 is

158 1990 221 2016 not
237 1988 372 2015 extant.

160 2058 230 2084 202
