1471 2326
431 108 598 147 PLINY
612 123 621 147 ι
670 110 934 148 NATURAL
968 110 1205 149 HISTORY

229 224 401 249 occasus.
456 225 558 261 quae
584 211 764 248 accidere
791 212 899 248 nullo
925 212 1042 249 modo
1067 219 1230 262 possent
1263 216 1335 250 nisi
1368 215 1407 250 in

227 279 365 309 centro
381 276 457 309 sita
475 273 612 310 esset.1

148 338 210 368 177
285 333 406 370 LXX.
460 334 555 371 Tres
588 340 724 371 autem
754 334 889 370 circuli
920 347 1039 384 supra
1070 334 1184 372 dictis
1215 338 1321 372 zonis
1353 338 1409 372 in—

231 394 339 444 plexi
358 395 666 444 inaequalitates
686 401 915 444 temporum
936 395 1173 445 distingunt,
1193 396 1410 433 solstitialis

232 468 255 491 a
267 461 382 505 parte
396 455 573 506 signiferi
589 456 856 492 excelsissima
869 456 980 492 nobis
995 456 1045 493 ad
1057 457 1410 506 septentrionalem

230 516 390 566 plagam
415 530 564 560 versus,
588 523 806 566 contraque
832 517 883 553 ad
907 517 1026 553 alium
1051 517 1186 566 polum
1209 518 1412 563 brumalis,

231 580 330 614 item
362 577 494 614 medio
530 578 682 614 ambitu
715 577 893 628 signiferi
926 579 1031 615 orbis
1064 578 1249 615 incedens
1279 581 1412 629 aequi-

230 639 422 675 noctialis.

283 699 427 736 LXXI.
481 700 740 750 Reliquorum
762 714 863 750 quae
884 703 1074 737 miramur
1094 714 1211 737 causa
1232 704 1272 737 in
1291 704 1411 751 ipsius

230 766 364 798 terrae
389 761 515 811 figura
539 768 614 805 est,
638 775 757 811 quam
780 762 900 811 globo
923 762 1091 798 similem
1115 775 1200 798 esse
1219 762 1234 785 ²
1258 768 1300 799 et
1322 775 1413 799 cum

233 834 280 858 ea
311 835 431 871 aquas
462 822 603 859 iisdem
634 822 882 872 intellegitur
912 825 1169 872 argumentis.
1223 826 1277 860 sic
1308 826 1413 860 enim

235 883 278 919 fit
301 882 399 919 haut
423 883 542 919 dubie
566 889 610 920 ut
634 884 746 919 nobis
770 883 1094 932 septentrionalis
1117 884 1260 933 plagae
1283 884 1414 921 sidera

233 957 451 994 numquam
493 944 689 988 occidant,
730 950 870 981 contra
910 944 1155 981 meridianae
1196 958 1413 995 numquam

233 1008 424 1049 oriantur,
441 1019 655 1055 rursusque
673 1005 772 1042 haec
786 1005 862 1042 illis
878 1019 955 1042 non
971 1012 1185 1042 cernantur
1201 1006 1414 1044 attollente

151 1071 212 1101 178
236 1079 278 1102 se
291 1072 430 1103 contra
444 1067 595 1103 medios
608 1070 710 1103 Visus
724 1073 923 1104 terrarum
938 1066 1069 1116 globo.
1114 1066 1413 1116 Septentriones

236 1142 315 1167 non
351 1129 475 1167 cernit
512 1129 774 1180 Trogodytice
810 1134 849 1167 et
887 1125 1050 1164 confinis
1086 1126 1302 1176 Aegyptus,
1337 1140 1408 1166 neo

236 1184 443 1234 Canopum
471 1183 589 1221 Italia
623 1191 662 1222 et
698 1197 814 1233 quem
845 1186 991 1220 vocant
1022 1181 1226 1219 Berenices
1256 1181 1409 1220 Crinem

233 1251 331 1285 item
350 1262 469 1298 quem
487 1249 559 1285 sub
578 1249 666 1285 divo
685 1250 869 1299 Augusto
887 1252 1218 1299 cognominavere
1236 1249 1415 1287 Caesaris

233 1309 434 1354 Thronon,
474 1313 647 1360 insignes
687 1311 739 1346 ibi
779 1310 928 1347 stellas.
983 1310 1164 1360 adeoque
1202 1310 1414 1348 manifesto

235 1371 453 1421 adsurgens
486 1371 690 1421 fastigium
721 1377 907 1407 curvatur
938 1377 984 1408 ut
1015 1371 1198 1421 Canopus
1231 1378 1414 1422 quartam

233 1431 319 1469 fere
341 1438 499 1482 partem
522 1436 622 1481 signi
645 1435 758 1468 unius
781 1445 901 1481 supra
922 1438 1074 1469 terram
1097 1436 1273 1470 eminere
1295 1433 1414 1470 Alex-

235 1493 398 1530 andriae
418 1494 664 1530 intuentibus
686 1493 881 1537 videatur,
901 1493 1042 1530 eadem
1062 1507 1085 1530 a
1103 1493 1243 1531 Rhodo
1261 1500 1413 1531 terram

234 1555 526 1604 quodammodo
550 1558 677 1604 ipsam
700 1558 914 1604 stringere,
938 1558 977 1590 in
1002 1555 1130 1592 Ponto
1153 1558 1312 1592 omnino
1335 1568 1414 1592 non

234 1622 435 1660 cernatur,
464 1617 529 1653 ubi
550 1619 722 1652 maxime
755 1616 931 1652 sublimis
962 1615 1203 1666 Septentrio.
1257 1616 1363 1653 idem
1392 1629 1415 1653 a

235 1676 375 1714 Rhodo
395 1677 663 1720 absconditur.
681 1680 888 1726 magisque
908 1677 1190 1721 Alexandriae,
1209 1680 1249 1713 in
1267 1677 1414 1714 Arabia

237 1738 451 1775 Novembri
477 1751 614 1775 mense
636 1741 765 1788 prima
798 1738 930 1788 xigilia
960 1738 1136 1775 occultus
1167 1739 1341 1776 secunda
1370 1751 1413 1775 se

324 1833 336 1852 ¹
363 1833 413 1863 tal.
433 1843 496 1864 om.
515 1837 611 1864 esset.
893 1832 905 1850 ²
929 1843 1000 1863 esse
1013 1832 1087 1863 add.
1103 1832 1282 1864 Rackham.

471 1958 486 1973 ⁰
507 1950 669 1992 Roughly
684 1951 869 1992 Abyssinia
885 1950 955 1982 and
970 1950 1192 1983 Somalfland.

233 2024 305 2060 310
