1471 2326
111 391 153 421 45

109 1013 152 1044 46

107 1635 150 1666 47

380 144 547 182 PLINY
561 158 570 182 :
619 145 883 183 NATURAL
916 145 1153 183 HISTORY

178 246 339 284 easdem
356 249 460 283 vices
479 249 576 291 exit,
592 246 691 284 haut
707 250 788 284 scio
805 260 858 284 an
873 250 1049 284 omnium
1067 260 1169 297 quae
1185 250 1227 284 in
1242 247 1353 285 eaelo

177 319 359 366 pernosci
380 322 600 366 potuerunt
620 319 835 366 magistra:
869 319 910 353 in
930 316 1140 354 duodecim
1159 319 1354 354 mensium

178 388 308 435 spatia
338 391 526 434 oportere
557 385 677 422 dividi
708 399 870 430 annum,
902 385 1060 435 quando
1090 388 1176 436 ipsa
1204 388 1354 423 totiens

176 454 302 491 solem
339 454 577 491 redeuntem
616 454 667 491 ad
704 457 898 504 principia
935 457 1213 504 consequitur3
1263 455 1355 492 solis

176 523 333 573 fulgore
367 536 456 560 eam
488 529 533 560 ui:
564 523 718 573 reliqua
749 523 925 560 siderum
956 527 1055 574 regi,
1087 523 1283 573 siquidem
1313 526 1355 560 in

175 599 308 630 totum
330 598 515 629 mutuata
536 593 586 628 ab
609 606 656 629 eo
678 592 765 629 luce
787 592 957 643 fulgere,
979 592 1139 642 qualem
1159 595 1201 629 in
1220 606 1356 642 reper-

174 675 289 699 cussu
318 675 444 711 aquae
471 661 638 698 volitare
665 665 948 711 conspicimus3
988 661 1078 699 ideo
1105 662 1286 698 molliore
1313 667 1356 699 et

174 730 398 780 inperfecta
426 733 461 767 vi
490 730 644 767 solvere
672 736 831 767 tantum
860 744 1054 775 umorem,
1082 737 1204 781 atque
1233 733 1355 768 etiam

175 813 339 850 augere,
358 813 477 849 quem
494 800 587 836 solis
604 799 704 836 radii
723 800 956 843 absumant3
988 799 1078 836 ideo
1097 805 1139 837 et
1156 799 1355 849 inaequali

174 869 323 906 lumine
343 869 492 918 adspici
512 872 604 918 quia
623 882 672 905 ex
693 868 858 905 adverso
878 868 1039 905 demum
1057 868 1177 918 plena
1194 869 1355 919 reliquis

174 938 313 975 diebus
349 944 509 974 tantum
544 951 593 974 ex
626 951 668 974 se
701 940 821 974 terris
855 938 1042 975 ostendat
1078 943 1272 987 quantum
1305 951 1355 975 ex

178 1007 261 1044 sole
300 1010 385 1056 ipsa
422 1010 642 1056 concipiam
694 1010 735 1043 in
772 1010 879 1044 coitu
918 1006 1079 1056 quidem
1117 1020 1197 1043 non
1233 1010 1356 1051 cerni,

175 1079 363 1126 quoniam
388 1075 575 1112 haustum
602 1089 761 1113 omnem
786 1076 882 1112 lucis
909 1076 1077 1113 adversa
1101 1076 1170 1112 illo
1195 1082 1356 1126 regerat

174 1145 281 1183 unde
320 1148 543 1195 acceperim
594 1145 726 1182 sidera
763 1158 858 1182 vero
896 1144 995 1182 haut
1032 1145 1152 1182 dubie
1190 1144 1356 1182 humore

173 1221 338 1252 terreno
387 1217 509 1264 pasci,
559 1217 651 1263 quia
699 1214 862 1251 djmidio
911 1214 1008 1251 orbe
1058 1227 1354 1264 nomiumquam

174 1283 374 1320 maculosa
405 1289 607 1327 cernatur,
638 1283 790 1320 scilicet
822 1283 999 1319 nondum
1030 1289 1272 1333 suppetente
1304 1284 1356 1321 ad

174 1352 438 1389 hauriendum
463 1352 570 1388 ultra
594 1355 698 1388 iusta
723 1352 985 1388 vi—maculas
1012 1355 1118 1388 enim
1143 1366 1223 1389 non
1247 1353 1354 1390 aliud

175 1435 261 1459 esse
292 1435 412 1471 quam
441 1427 577 1458 terrae
606 1427 740 1470 raptas
770 1435 861 1458 cum
889 1421 1057 1458 humore
1085 1422 1245 1465 sordes;
1288 1422 1355 1459 de-

174 1491 303 1528 fectus
320 1497 456 1527 autem
471 1503 561 1527 suos
579 1496 621 1527 et
635 1491 743 1534 solis,
757 1503 842 1527 rem
856 1493 898 1526 in
912 1496 1000 1527 tota
1015 1491 1355 1540 contemplatione

174 1567 342 1596 naturae
368 1562 543 1596 maxime
570 1562 712 1596 miram
739 1565 781 1596 et
807 1565 968 1596 ostento
993 1560 1178 1603 similem,
1204 1564 1355 1611 magni-

176 1629 359 1666 tudinum
383 1629 629 1678 umbraeque
655 1628 803 1665 indices
825 1631 1032 1665 exsistere.
1086 1628 1176 1667 VII.
1209 1632 1356 1679 quippe

174 1697 433 1735 manifestum
449 1703 510 1734 est
529 1697 655 1734 solem
674 1700 904 1734 interventu
924 1697 1042 1734 lunae
1062 1698 1252 1734 occultari
1272 1699 1356 1735 lun-

175 1780 320 1817 amque
347 1773 482 1803 terrae
511 1766 685 1809 obiectu,
713 1779 757 1802 ae
786 1769 890 1803 vices
919 1766 1045 1810 reddi,
1075 1766 1237 1803 eosdem
1264 1768 1356 1804 solis

223 1952 239 1967 ⁶
260 1947 341 1978 This
368 1947 394 1977 is
421 1945 548 1986 proved
575 1945 614 1976 of
635 1945 694 1976 the
720 1956 821 1976 moon
849 1947 881 1976 in
908 1945 967 1976 the
993 1945 1102 1976 words
1128 1946 1206 1977 that
1232 1947 1353 1985 follow,

178 1991 243 2023 and
260 1991 381 2021 thence
394 1988 552 2020 assumed
564 1993 601 2020 to
614 1989 719 2030 apply
732 1989 802 2020 also
816 1993 852 2020 to
866 1989 924 2020 the
937 1988 1035 2020 other
1047 1989 1214 2033 heavenly
1230 1990 1352 2022 bodies.

181 2052 249 2100 196
