1471 2326
73 297 115 329 80

73 1064 111 1097 81

74 1655 117 1687 82

344 129 510 168 PLINY
524 143 534 169 ι
583 130 846 168 NATURAL
880 130 1117 168 HISTORY

138 232 309 276 radiam,
328 232 388 269 his
408 235 535 270 causis
555 246 708 270 conexo
728 235 813 270 visu
834 238 876 269 et
897 230 1064 270 earum1
1086 245 1188 282 quae
1207 233 1319 270 caelo

140 295 407 329 eontinentur.
461 305 633 342 namque
649 291 768 329 modo
784 291 1000 329 multitudo
1016 292 1198 329 conferta
1214 295 1319 329 inest

138 354 244 388 circa
281 350 462 388 dimidios
501 352 618 388 orbes
656 351 788 395 lunae,
825 351 981 401 placida
1018 357 1136 388 nocte
1173 351 1320 388 leniter

138 410 378 447 inlustrante
411 423 492 454 eas,
521 410 640 447 modo
670 413 828 454 raritas,
858 415 904 447 ut
935 409 1084 460 fugisse
1114 412 1319 454 miremur,

138 470 356 519 plenilunio
369 469 639 506 abscondente
652 475 722 506 aut
734 482 825 506 cum
836 469 928 506 solis
941 482 1110 519 suprave
1123 469 1319 506 dictarum

137 528 237 565 radii
253 531 354 565 visus
374 531 673 578 praestrinxere
691 533 860 565 nostros.
914 533 957 565 et
971 531 1057 577 ipsa
1072 534 1208 565 autem
1226 528 1321 565 luna

138 590 411 637 ingruentium
441 587 533 624 solis
563 587 764 624 radiorum
794 585 892 624 haut
923 586 1043 624 dubie
1074 585 1319 624 differentias

138 650 277 691 sentit,
294 646 514 683 hebetante
547 655 683 686 cetero
725 646 891 683 inflexos
908 646 1046 683 mundi
1063 649 1319 683 convexitate

140 719 207 742 eos
248 712 534 756 praeterquam
574 705 642 742 ubi
682 709 783 743 recti
823 705 1061 756 angulorum
1101 710 1320 755 conpetant

138 768 252 802 ictus.
332 768 469 814 itaque
511 767 552 801 in
596 764 792 814 quadrato
834 765 928 802 solis
971 764 1130 801 dividua
1168 770 1244 809 est,
1279 767 1321 801 in

138 826 339 873 triquetro
363 826 557 861 seminani
582 824 756 861 ambitur
780 823 893 867 orbe,
917 823 1094 873 inpletur
1119 829 1255 860 autem
1280 826 1322 860 in

140 882 320 927 adverso,
338 896 550 933 rursusque
578 885 760 919 minuens
791 882 954 920 easdem
983 883 1133 933 effigies
1161 883 1321 932 paribus

141 942 225 979 edit
251 942 484 986 intervallis,
510 942 629 979 simili
654 944 809 979 ratione
838 955 916 992 qua
943 954 1064 991 super
1090 941 1216 978 solem
1242 944 1321 979 tria

139 1000 282 1038 sidera.

192 1059 322 1097 XVII.
376 1059 443 1097 Sol
459 1066 596 1097 autem
612 1062 696 1110 ipse
714 1065 905 1110 quattuor
922 1058 1166 1096 differentias
1183 1058 1323 1104 habet,

141 1120 200 1155 bis
221 1125 395 1169 aequata
416 1125 534 1157 nocte
556 1119 649 1163 diei,
669 1132 763 1156 vere
786 1125 828 1156 et
850 1125 1056 1163 autumno,
1077 1121 1118 1155 in
1138 1124 1322 1155 centrum

139 1178 316 1215 incidens
343 1184 478 1216 terrae
505 1181 653 1215 octavis
680 1181 721 1215 in
745 1179 924 1228 partibus
952 1180 1087 1215 arietis
1114 1191 1159 1215 ac
1182 1178 1323 1222 librae,

138 1237 200 1274 bis
224 1240 463 1286 permutatis
488 1240 641 1287 spatiis,
663 1240 704 1273 in
727 1242 891 1274 auctum
914 1237 994 1274 diei
1015 1237 1159 1273 bruma
1182 1242 1323 1274 octava

139 1299 181 1334 in
208 1303 324 1346 parte
351 1299 585 1347 capricorni,
613 1299 739 1333 noctis
767 1309 862 1333 vero
889 1296 1059 1333 solstitio
1085 1295 1256 1333 totidem
1283 1299 1323 1332 in

140 1356 319 1406 partibus
372 1359 516 1393 cancri.
584 1355 881 1405 inaequalitatis
935 1368 1054 1392 causa
1105 1355 1319 1405 obliquitas

140 1414 320 1464 signiferi
355 1428 446 1452 cum
481 1427 572 1465 pars
610 1428 738 1464 aequa
773 1414 911 1451 mundi
946 1427 1066 1464 super
1101 1414 1321 1464 subterque

139 1479 270 1510 terras
303 1475 484 1511 omnibus
518 1474 587 1510 fiat
619 1476 854 1517 momentis;
900 1473 972 1510 sed
1004 1486 1106 1523 quae
1137 1479 1249 1510 recta
1280 1476 1322 1509 in

142 1539 287 1570 exortu
311 1547 382 1570 suo
408 1539 652 1583 consurgunt
678 1535 791 1583 signa
814 1532 995 1582 longiore
1019 1538 1154 1569 tractu
1179 1538 1322 1570 tenent

140 1592 284 1636 lucem,
303 1606 405 1642 quae
423 1606 518 1630 vero
537 1592 698 1642 obliqua
716 1595 847 1629 ociore
865 1597 1077 1628 transeunt
1094 1594 1236 1641 spatio.

194 1651 344 1688 XVIII.
400 1651 523 1688 Latet
538 1651 753 1701 plerosque
770 1663 916 1701 magna
932 1650 1033 1687 caeli
1050 1650 1323 1687 adsectatione

141 1717 378 1761 conpertum
404 1724 428 1748 a
454 1711 696 1761 principibus
724 1710 930 1747 doctrinae
957 1712 1048 1746 viris
1075 1712 1323 1760 superiorum

502 1818 516 1838 ¹
539 1818 615 1849 visu
633 1820 824 1849 ceterarum
840 1816 980 1848 Broiz'er.

520 1974 536 1990 ⁰
558 1970 630 2001 The
647 1969 850 2007 Etruscans,
869 1979 897 2000 c.
913 1967 962 2000 lii.

143 2062 216 2096 224
