1471 2326
349 110 516 149 PLINY
529 125 539 149 ε
588 111 851 149 NATURAL
885 110 1122 149 HISTORY

143 214 306 251 dimidia
331 215 518 263 quoniam
540 219 653 250 terra
676 212 864 249 centralis
889 215 1143 256 interveniat,
1167 218 1322 249 sextam

143 285 228 323 fere
254 291 412 335 partem
438 285 551 321 huius
577 287 745 320 inmensi
770 287 888 333 spatii
913 284 1020 333 quod
1043 287 1148 320 circa
1174 290 1323 320 terram

143 357 276 394 circuli
311 356 449 393 solaris
485 358 616 392 animo
651 354 990 404 conprehenditur
1027 358 1154 391 inesse
1190 355 1323 391 altitu-

145 428 245 465 dinis
267 430 410 478 spatio,
430 427 548 463 lunae
570 440 665 463 vero
687 426 981 470 duodecimam,
1002 429 1188 475 quoniam
1208 432 1324 462 tanto

143 500 325 536 breviore
356 511 476 548 quam
505 498 563 534 sol
593 498 746 534 ambitu
776 500 924 542 currit3
966 501 1024 534 ita
1053 497 1137 534 fieri
1168 510 1255 533 eam
1285 500 1326 533 in

78 577 119 607 87
145 571 277 607 medio
297 571 390 607 solis
412 583 456 606 ac
477 575 624 606 terrae.
678 572 823 605 mirum
845 582 922 618 quo
942 568 1136 618 precedat
1156 569 1328 618 inprobi-

144 648 205 679 tas
234 642 363 678 cordis
391 641 553 678 humani
581 640 744 690 parvolo
772 640 905 690 aliquo
934 643 1103 677 invitata
1130 653 1327 684 successu,

144 717 246 750 sicut
278 716 317 749 in
350 726 470 762 supra
502 712 619 749 dictis
652 714 900 748 occasionem
933 711 1193 761 inpudentiae
1226 714 1327 748 ratio

144 785 323 835 largitur.
379 787 542 833 ausique
580 783 756 820 divinare
792 783 886 819 solis
925 783 976 819 ad
1012 788 1164 819 terram
1200 785 1328 832 spatia

147 857 288 893 eadem
311 856 362 892 ad
383 856 539 892 caelum
563 860 702 904 agunt,
726 857 913 904 quoniam
935 857 987 890 sit
1011 853 1164 890 medius
1187 854 1259 897 sol,
1281 860 1326 891 ut

146 931 326 978 protinus
362 927 498 964 mundi
535 939 693 976 quoque
730 929 850 975 ipsius
886 938 1074 962 mensura
1108 928 1241 962 veniat
1276 925 1327 962 ad

146 1000 304 1049 digitos.
360 1005 528 1048 quantas
561 1001 667 1034 enim
700 997 914 1035 dimetiens
946 996 1094 1034 habeat
1123 1000 1327 1046 septimas,

146 1077 279 1108 tantas
306 1070 456 1107 habere
483 1070 673 1106 circulum
704 1069 781 1106 duo
810 1075 851 1106 et
878 1072 1096 1113 vicesimas,
1121 1074 1327 1118 tamquam

144 1143 261 1192 plane
322 1156 345 1178 a
403 1141 689 1192 perpendiculo
749 1154 935 1178 mensura
997 1140 1097 1177 caeli
1156 1147 1326 1178 constet.

77 1221 118 1251 88
146 1215 351 1265 Aegyptia
373 1217 490 1257 ratio,
515 1227 634 1262 quam
660 1213 851 1250 Petosiris
877 1218 918 1249 et
944 1212 1172 1261 Nechepsos
1196 1219 1328 1249 osten-

145 1286 256 1330 dere,
275 1285 448 1336 singulas
468 1291 604 1335 partes
625 1287 665 1321 in
684 1284 811 1321 lunari
830 1284 977 1320 circulo
998 1285 1058 1334 (ut
1078 1284 1228 1321 dictum
1250 1285 1327 1334 est)

145 1361 308 1394 minimo
334 1360 503 1407 triginta
528 1357 655 1394 tribus
682 1356 819 1393 stadiis
846 1356 965 1405 paulo
993 1355 1159 1405 amplius
1186 1362 1327 1405 patere

144 1430 312 1480 colligit,
330 1432 370 1465 in
388 1428 548 1465 Saturni
567 1428 809 1478 amplissimo
828 1427 1009 1477 duplum,
1026 1430 1066 1463 in
1084 1427 1190 1472 solis,
1208 1441 1326 1477 quem

146 1501 322 1538 medium
341 1514 428 1538 esse
447 1500 633 1544 diximus,
651 1502 859 1549 utriusque
876 1512 1088 1536 mensurae
1106 1499 1325 1537 dimidium.

147 1587 249 1623 quae
276 1575 524 1622 computatio
549 1572 765 1622 plurimum
790 1571 914 1608 habet
939 1571 1116 1621 pudoris,
1142 1575 1326 1621 quoniam

143 1645 194 1682 ad
217 1645 377 1682 Saturni
399 1643 591 1681 circulum
614 1643 751 1680 addito
773 1642 953 1693 signiferi
974 1645 1099 1692 ipsius
1122 1643 1330 1680 intervallo

142 1730 215 1754 nec
234 1716 490 1753 numerabilis
509 1715 788 1765 multiplicatio
808 1715 985 1752 efficitur.

76 1794 119 1825 89
196 1788 328 1825 XXII.
383 1787 554 1825 Restant
578 1800 706 1837 pauca
729 1787 780 1824 de
804 1786 965 1823 mundo.
1022 1799 1196 1836 namque
1221 1793 1263 1824 et
1286 1790 1327 1824 in

141 1863 226 1910 ipso
254 1860 366 1897 caelo
394 1859 537 1896 stellae
564 1864 732 1908 repente
761 1864 989 1894 nascuntur.
1043 1857 1158 1907 plura
1187 1872 1325 1896 earum

141 1945 304 1982 genera.
381 1937 557 1970 cometas
607 1930 750 1968 Graeci
797 1935 962 1977 vocant,
1004 1932 1130 1967 nostri
1171 1933 1331 1968 crinitas

146 2027 218 2064 230
