1471 2326
93 1374 156 1406 233

381 109 548 147 PLINY
562 122 571 147 :
620 109 884 147 NATURAL
917 109 1154 147 HISTORY

179 217 244 249 ter
273 213 409 249 consul
438 211 588 255 credit3
634 211 749 248 dies1
798 213 979 250 Θεοδοσία
1014 217 1188 248 vocatur.
1242 214 1352 249 iuxta

178 284 391 321 Nonacrim
417 287 458 320 in
486 284 658 321 Arcadia
686 283 787 334 Styx
813 296 888 320 nec
916 283 1039 320 odore
1067 283 1252 320 differens
1281 297 1355 321 nee

177 357 309 393 colore
330 362 449 406 epota
466 356 556 393 ilico
575 362 715 399 necat;
750 359 849 393 item
867 358 908 392 in
928 355 1118 392 Liberoso
1136 356 1355 393 Taurorum

177 429 278 465 colle
300 434 383 466 tres
406 428 537 465 fontes
560 431 644 465 sine
666 428 858 472 remedio,
879 430 964 464 sine
987 428 1124 465 dolore
1146 428 1355 465 mortiferi.

177 504 216 537 in
237 500 460 537 Carrinensi
484 501 700 550 Hispaniae
724 513 821 550 agro
838 500 916 537 duo
933 499 1065 537 fontes
1083 503 1195 537 iuxta
1213 499 1355 543 fluunt,

178 573 281 610 alter
293 576 424 610 omnia
435 586 640 622 respuens,
650 572 753 609 alter
766 573 981 609 absorbens
996 584 1004 616 3
1028 575 1069 608 in
1080 572 1221 609 eadem
1231 578 1356 623 gente

179 645 276 682 alius
301 648 410 682 aurei
433 645 574 682 coloris
598 658 734 682 omnes
758 644 935 682 ostendit
956 647 1098 694 pisces,
1121 644 1217 681 nihil
1241 650 1356 682 extra

180 718 290 754 illam
315 731 460 768 aquam
485 717 727 754 differentes.
780 720 822 754 in
846 717 1031 754 Comensi
1055 720 1169 754 iuxta
1194 717 1355 754 Larium

177 790 307 827 lacum
324 790 411 827 fons
430 791 562 840 largus
581 789 687 826 horis
705 790 869 840 singulis
887 803 1046 839 semper
1064 793 1293 827 intumescit
1311 803 1356 827 ac

176 863 327 900 residit.
382 865 422 899 in
440 862 630 913 Cydonea
647 862 775 899 insula
792 868 887 899 ante
906 862 1082 899 Lesbum
1100 861 1186 898 fons
1205 862 1354 899 calidus

179 948 273 972 vere
313 941 474 972 tantum
514 934 613 971 fluit.
666 934 773 971 lacus
815 933 992 971 Sannaus
1033 937 1075 970 in
1114 935 1211 971 Asia
1250 937 1355 971 circa.

180 1014 369 1044 nascente
395 1007 591 1044 absinthio
612 1007 795 1044 inficitur.
850 1006 1080 1056 Colophone
1096 1009 1137 1043 in
1160 1006 1356 1056 Apollinis

179 1079 286 1116 Clari
317 1093 438 1129 specu
469 1080 610 1116 lacuna
642 1085 703 1116 est
734 1082 842 1116 cuius
874 1085 973 1129 potu
1003 1081 1105 1116 mira
1134 1079 1356 1116 redduntur

179 1152 352 1196 oracula,
403 1152 628 1189 bibentium
679 1152 862 1188 brew'ore
914 1154 1006 1188 vita.
1061 1164 1196 1188 amnes
1248 1157 1356 1188 retro

178 1224 302 1261 fluere
318 1230 360 1261 et
374 1230 511 1261 nostra
526 1224 623 1261 vidit
638 1229 748 1260 aetas
765 1223 934 1260 Neronis
948 1226 1134 1273 principis
1149 1226 1356 1273 supremis,

177 1299 279 1334 sicut
299 1299 341 1333 in
359 1297 477 1333 rebus
501 1299 582 1333 eius
603 1296 824 1333 retulimus.

232 1369 317 1406 Iam
343 1382 478 1406 omnes
504 1368 635 1406 fontes
662 1374 818 1406 aestate
845 1382 964 1418 quam
988 1367 1120 1405 hieme
1145 1368 1356 1419 gelidiores

181 1455 266 1479 esse
287 1455 407 1492 quem
430 1440 560 1478 fallit?
614 1444 716 1478 sicut
735 1441 804 1478 illa
826 1443 1000 1490 permira
1023 1447 1190 1477 naturae
1214 1453 1357 1490 opera:

177 1527 244 1551 aes
269 1527 313 1551 ac
336 1514 544 1564 plumbum
568 1516 609 1550 in
631 1527 762 1550 massa
784 1516 927 1564 mergi,
950 1513 1162 1550 dilatatum
1186 1512 1357 1557 fluitare,

177 1586 435 1636 eiusdemque
461 1586 649 1636 ponderis
677 1586 755 1622 alia
780 1585 911 1622 sidere
937 1585 1015 1622 alia
1039 1584 1192 1628 invehi3
1234 1598 1358 1622 onera

176 1662 217 1695 in
241 1672 345 1709 aqua
372 1658 525 1696 facilius
550 1661 724 1702 moveri3
767 1657 946 1708 Scyrium
974 1657 1147 1707 lapidem
1177 1660 1356 1707 quamvis

175 1731 371 1782 grandem
394 1734 591 1775 innatare,
616 1731 869 1780 eundemque
893 1733 1183 1767 comminutum
1204 1732 1355 1780 mergi3

174 1807 351 1841 recentia
393 1803 589 1842 cadavera
630 1803 681 1840 ad
723 1803 869 1840 vadum
909 1803 1003 1846 labi,
1045 1805 1353 1839 intumescentia

175 1876 328 1920 attolli3
375 1878 507 1912 inania
538 1889 631 1912 vasa
661 1875 769 1911 haud
800 1874 953 1912 facilius
986 1887 1106 1925 quam
1137 1873 1256 1924 plena
1287 1887 1349 1911 ex-

666 1961 680 1982 ²
706 1960 756 1992 v.l.
773 1961 860 1996 Διὸς.

173 2024 246 2072 358
