1471 2326
149 492 207 523 181

153 1339 214 1370 182

432 120 599 159 PLINY
613 135 622 158 :
672 121 936 159 NATURAL
970 121 1206 159 HISTORY

230 229 337 260 esset
349 228 475 267 terra,
487 223 602 259 simul
615 225 747 260 omnia
760 222 1001 272 adparerent
1015 225 1180 266 cunctis,
1192 228 1408 273 noctesque

230 289 310 312 non
346 276 488 313 fierent
524 276 767 325 inaequales,
802 289 894 312 narn
930 289 1057 325 aeque
1093 276 1178 312 aliis
1214 289 1334 325 quam
1367 279 1408 312 in

230 329 362 366 medio
411 332 495 366 sitis
546 332 657 378 paria
707 329 916 365 duodecim
965 328 1152 365 horarum
1202 328 1411 365 intervalla

229 388 506 425 cernerentur,
541 395 642 431 quae
677 395 781 418 nunc
815 394 894 418 non
929 384 968 417 in
1003 384 1108 418 omni
1142 387 1259 430 parte
1293 381 1410 418 simili

231 434 349 471 modo
367 441 604 484 congruunt.

285 487 473 524 LXXIII.
530 487 626 524 Ideo
649 500 722 523 nec
745 500 824 523 nox
847 487 1026 536 diesque,
1050 489 1226 536 quamvis
1253 486 1408 530 eadem,

230 545 318 577 toto
336 541 433 577 orbe
450 541 568 577 simul
586 546 646 577 est
665 542 849 589 oppositu
866 540 974 590 globi
992 545 1152 576 noctem
1171 545 1240 576 aut
1259 540 1410 576 ambitu

231 593 337 630 diem
359 593 580 630 adferente.
634 593 769 629 multis
791 592 864 629 hoc
885 596 1089 643 cognitum
1112 595 1411 642 experimentis,

231 649 272 682 in
301 645 438 682 Africa
467 646 739 696 Hispaniaque
767 648 938 682 turrium
967 645 1218 689 Hannibalis,
1246 648 1286 681 in
1315 646 1411 681 Asia

231 712 326 736 vero
364 705 530 748 propter
568 701 754 748 piraticos
794 705 968 735 terrores
1008 698 1124 734 simili
1164 698 1412 747 specularum

232 752 430 801 praesidio
461 755 650 796 excitato,
679 754 721 788 in
750 754 835 801 quis
866 754 1125 800 praenuntios
1156 754 1268 800 ignes
1297 757 1413 787 sexta

231 804 330 841 hora
345 805 423 842 diei
439 818 624 842 accensos
640 818 760 854 saepe
776 810 1015 853 conpertum
1031 810 1093 841 est
1108 806 1232 840 tertia
1246 806 1374 840 noctis
1391 817 1413 840 a

231 863 349 907 tergo
398 858 546 894 ultimis
595 860 709 894 visos.
782 857 960 893 eiusdem
1009 856 1229 893 Alexandri
1277 870 1413 893 cursor

233 910 458 947 Philonides
487 924 536 947 ex
564 910 731 960 Sicyone
759 910 851 946 Elin
878 910 987 946 mille
1016 916 1057 946 et
1084 909 1257 946 ducenta
1283 909 1413 946 stadia

232 976 375 1000 novem
402 964 480 1000 diei
506 963 680 1000 confecit
705 962 826 1006 horis,
852 963 1039 1012 indeque,
1067 965 1244 1012 quamvis
1271 962 1412 999 declivi

232 1019 391 1061 itinere,
429 1020 553 1054 tertia
593 1019 719 1053 noctis
759 1015 858 1052 hora
895 1029 1100 1052 remensus
1142 1021 1204 1052 est
1243 1018 1411 1064 saepius.

232 1083 364 1113 causa,
381 1069 487 1119 quod
503 1072 613 1106 eunti
629 1083 719 1106 cum
733 1069 816 1105 sole
832 1072 910 1105 iter
927 1074 1028 1112 erat,
1045 1068 1217 1105 eundem
1231 1081 1413 1105 remeans

233 1123 392 1159 obvium
420 1125 619 1159 contrario
648 1122 999 1171 praetervertebat
1027 1135 1203 1158 occursu.
1258 1134 1336 1171 qua
1364 1121 1414 1157 de

232 1189 351 1212 causa
385 1175 436 1212 ad
469 1189 650 1212 occasum
700 1178 932 1224 navigantes
969 1178 1146 1224 quamvis
1180 1175 1413 1211 brevissimo

233 1229 296 1265 die
341 1232 500 1266 vineunt
527 1231 657 1278 spatia
682 1233 901 1265 nocturnae
928 1229 1190 1277 navigationis
1217 1232 1263 1264 ut
1288 1227 1413 1263 solem

234 1284 362 1331 ipsum
379 1284 629 1319 comitantes.

290 1335 470 1371 LXXIV.
524 1334 708 1383 Vasaque
729 1333 983 1382 horoscopica
1004 1346 1083 1369 non
1104 1333 1251 1382 ubique
1274 1332 1415 1369 eadem

233 1394 325 1424 sunt
356 1391 456 1431 usui,
485 1390 525 1423 in
554 1390 727 1424 trecenis
758 1386 910 1429 stadiis,
940 1392 1010 1423 aut
1040 1392 1084 1422 ut
1114 1386 1345 1436 longissime
1374 1388 1414 1422 in

235 1443 477 1491 quingentis,
506 1440 754 1477 mutantibus
783 1445 912 1476 semet
942 1439 1091 1475 umbris
1120 1439 1225 1475 solis.
1279 1442 1414 1488 itaque

234 1494 410 1530 umbilici
455 1494 591 1543 (quem
635 1505 876 1543 gnomonem
921 1492 1143 1541 appellant)
1188 1492 1331 1528 umbra
1374 1494 1414 1527 in

235 1547 425 1597 Aegypto
461 1546 681 1583 meridiano
716 1552 900 1596 tempore
937 1547 1162 1594 aequinocti
1198 1544 1262 1581 die
1298 1544 1416 1594 paulo

281 1688 295 1702 ⁶
317 1683 367 1714 Cf.
383 1683 450 1714 VII
465 1684 517 1714 20.

281 1726 294 1745 ⁶
317 1726 470 1767 Starting
489 1730 526 1757 at
545 1724 730 1766 daybreak,
751 1725 803 1756 i.e.
824 1724 907 1755 took
929 1725 968 1755 15
987 1724 1089 1755 hours
1107 1723 1208 1755 home
1226 1733 1263 1754 as
1282 1723 1415 1764 against.

229 1769 248 1800 9
271 1769 373 1800 hours
395 1773 466 1800 out.
514 1768 646 1809 Taking
668 1768 728 1798 the
747 1768 838 1798 mille
862 1778 1026 1807 passuum
1047 1766 1086 1798 of
1104 1768 1123 1797 8
1145 1766 1260 1797 stades
1282 1768 1350 1804 (see
1372 1766 1414 1797 D.

235 1811 314 1842 Ant.
335 1814 428 1851 smv.)
448 1815 486 1842 at
505 1814 547 1851 Η
566 1810 604 1841 of
623 1820 668 1841 an
691 1810 832 1850 English
857 1810 945 1846 mile,
967 1820 1016 1840 we
1034 1814 1092 1850 get
1111 1809 1164 1840 for
1183 1809 1242 1840 the
1261 1808 1415 1839 outward

235 1855 379 1895 journey
392 1864 412 1885 a
425 1864 509 1895 pace
523 1853 561 1884 of
569 1854 641 1894 just
655 1863 736 1883 over
752 1855 790 1883 15
804 1852 899 1883 miles
913 1862 958 1883 an
970 1852 1066 1883 hour.
1115 1852 1185 1882 But
1198 1851 1344 1892 perhaps
1357 1851 1416 1882 the

236 1897 353 1937 length
377 1896 416 1927 of
436 1896 496 1927 the
522 1899 619 1926 route
645 1896 671 1926 is
697 1894 961 1926 overestimated
985 1899 1022 1925 at
1050 1895 1133 1926 1200
1157 1894 1282 1930 stades,
1308 1893 1415 1925 about.

238 1941 297 1970 136
319 1939 423 1975 miles,
444 1949 480 1969 as
500 1939 559 1969 the
578 1938 731 1969 distance
751 1938 837 1968 from
857 1937 981 1978 Sicyon
1002 1941 1037 1967 to
1058 1937 1127 1967 Elis
1147 1946 1316 1967 measures
1336 1936 1415 1976 only

235 1982 342 2012 about
359 1983 401 2013 80
418 1981 512 2012 miles
529 1982 563 2012 in
580 1992 600 2012 a
617 1980 763 2021 straight
780 1980 845 2011 line
862 1990 906 2011 on
923 1980 982 2011 the
999 1990 1088 2020 map.
1137 1979 1207 2010 Elis
1223 1979 1283 2009 lies
1299 1978 1415 2019 higher

235 2054 307 2090 314
