1471 2326
418 115 545 154 PLIN
548 115 585 153 Y
599 129 608 154 z
656 116 919 154 NATURAL
952 115 1188 153 HISTORY

217 233 369 263 versae,
401 218 570 256 exindel
601 218 744 255 faciem
780 221 821 254 in
848 218 987 255 iisdem
1015 223 1123 254 ortus
1151 230 1389 267 occasusque

216 295 415 345 operibuS,
435 307 514 330 non
534 294 650 330 aliter
669 294 741 330 sub
760 299 870 330 terra
888 292 1100 329 manifesto
1119 292 1256 329 sideris
1276 306 1391 330 cursu

218 370 343 406 aliove
357 369 500 406 effectu
513 382 629 418 quam
643 382 733 405 cum
744 374 907 417 praeter
917 367 1049 404 oculos
1061 373 1215 404 nostros
1226 367 1389 404 feratur.

135 449 198 481 215
274 444 489 494 Multiplex
504 446 721 480 etiamnum
733 443 878 479 lunaris
892 441 1128 486 differentia,
1140 444 1390 492 primumque

218 522 394 569 septenis
417 519 578 556 diebus:
616 521 762 568 quippe
784 517 929 554 modici
951 531 973 553 a
995 530 1097 554 nova
1119 517 1170 554 ad
1191 517 1390 554 dividuam

218 600 351 631 aestus
379 593 578 643 pleniores
607 593 656 629 ab
685 606 732 629 ea
762 592 966 629 exundant
993 592 1190 642 plenaque
1217 595 1391 629 maxime

217 668 398 712 fervent;
434 668 525 705 inde
548 671 776 711 mitescunt,
798 680 913 717 pares
936 667 987 704 ad
1008 670 1220 716 septimam
1241 670 1393 717 primis,

216 747 443 793 iterumque
464 743 540 780 alio
559 743 686 780 latere
707 742 865 779 dividua
885 748 1097 792 augentur,
1115 744 1156 778 in
1175 744 1282 779 coitu
1301 742 1392 779 solis

217 832 332 869 pares
348 819 501 868 plenae.
551 818 691 854 eadem
711 821 751 854 in
763 817 778 839 ‘³’
795 817 992 866 aquilonia
1009 822 1050 853 et
1070 830 1093 853 a
1107 819 1224 853 terris
1237 816 1392 867 longius

217 894 459 930 recendente
489 896 666 929 mitiores
697 905 817 942 quam
846 905 936 929 cum
965 894 1006 928 in
1035 897 1187 928 austros
1217 891 1393 942 digressa

217 971 401 1019 propiore
418 971 504 1004 nisu
517 971 594 1004 vim
607 981 718 1004 suam
732 973 906 1004 exercet.
959 980 1031 1017 per
1042 973 1202 1004 octonos
1216 980 1392 1017 quosque

218 1057 340 1081 annos
358 1043 409 1080 ad
423 1046 615 1093 principia
631 1048 762 1079 motus
780 1048 822 1080 et
836 1045 948 1092 paria
963 1045 1210 1079 incrementa
1225 1045 1394 1079 centesi-

216 1132 282 1156 mo
314 1118 431 1155 lunae
464 1124 699 1155 revocantur
732 1118 897 1155 ambitu.
954 1123 1104 1167 augent
1119 1116 1135 1140 ³
1170 1129 1218 1153 ea
1250 1123 1393 1154 cuncta

217 1194 309 1230 solis
336 1196 474 1230 annuis
501 1196 641 1237 causis,
667 1193 819 1230 duobus
847 1195 1105 1242 aequinoctiis
1131 1195 1305 1229 maxime
1331 1198 1393 1229 tu-

217 1275 373 1306 mentes
390 1274 431 1306 et
447 1269 666 1305 autumnali
681 1268 848 1318 amplius
866 1281 984 1317 quam
999 1281 1135 1311 verno,
1149 1270 1284 1304 inanes
1300 1281 1394 1304 vero

134 1349 197 1381 216
219 1345 360 1380 bruma
389 1349 430 1380 et
456 1346 582 1393 magis
610 1343 792 1380 solstitio.
845 1355 919 1379 nec
946 1348 1083 1379 tamen
1109 1345 1150 1378 in
1176 1344 1268 1392 ipsis
1297 1355 1393 1392 quos

219 1419 300 1456 djxi
316 1425 543 1468 temporum
561 1418 750 1462 articulis,
766 1417 837 1454 sed
852 1420 986 1467 paucis
1002 1423 1093 1467 post
1111 1417 1263 1461 diebus,
1278 1420 1393 1454 sicuti

218 1507 349 1544 neque
372 1497 412 1530 in
432 1493 551 1544 plena
574 1499 642 1530 aut
664 1495 875 1530 novissima
896 1493 967 1529 scd
986 1498 1141 1542 postea,
1161 1506 1235 1529 nec
1256 1495 1393 1530 statim

218 1575 264 1606 ut
300 1569 433 1606 lunam
469 1568 638 1606 mundus
675 1567 862 1606 ostendat
898 1568 1121 1605 occultetve
1157 1573 1226 1605 aut
1261 1567 1393 1605 media

217 1645 336 1695 plaga
355 1644 529 1681 declinet
548 1657 685 1680 verum
704 1643 788 1680 fere
807 1643 959 1681 duabus
977 1642 1082 1680 horis
1101 1643 1394 1693 aequinoctiali-

218 1720 291 1756 bus
317 1722 456 1763 serius‚
480 1719 655 1756 tardiore
680 1731 838 1769 semper
863 1718 914 1756 ad
937 1724 1064 1756 terras
1091 1721 1265 1755 omnium
1291 1731 1393 1768 quae

219 1801 415 1845 geruntur
440 1797 481 1831 in
505 1794 617 1831 caelo
645 1793 789 1831 effectu
815 1793 983 1830 cadente
1011 1806 1130 1843 quam
1156 1796 1254 1838 visu,
1278 1795 1392 1830 sicuti

218 1869 383 1920 fulguris
403 1875 444 1906 et
461 1872 631 1906 tonitrus
651 1875 692 1906 et
710 1868 930 1906 fulminum.

411 1950 424 1969 1
450 1949 502 1980 inl.
522 1954 553 1980 et
573 1950 671 1981 inde:
704 1949 862 1981 ostendi?
889 1949 1069 1990 Campbell.

410 1993 423 2013 ²
451 1993 503 2024 vl.
521 2003 581 2023 om.
600 1993 644 2024 in.
827 1991 840 2011 ³
863 1992 1041 2033 Mayhoff:
1065 1994 1222 2032 augente.

217 2049 289 2085 344
