1471 2326
409 132 599 172 PLINY:
648 133 912 171 NATURAL
946 132 1182 171 HISTORY

205 248 323 273 cursu
352 236 468 273 villae
500 249 636 273 omnes
668 236 803 280 elisae,
833 235 1019 272 animalia
1048 235 1249 285 permulta
1280 248 1382 285 quae

208 303 313 337 intra
334 300 493 337 fuerant
517 303 744 337 exanimata
766 305 871 343 sunt,
894 313 997 336 anno
1020 305 1114 336 ante
1135 300 1278 336 sociale
1300 299 1383 336 bel-

207 364 289 401 lum
316 364 422 414 quod
446 364 553 401 haud
578 367 657 401 scio
684 377 735 400 an
760 363 955 401 funestius
981 370 1116 401 terrae
1141 367 1215 414 ipsi
1242 364 1383 400 Italiae

208 428 330 465 fuerit
346 442 465 479 quam
478 429 585 465 bella
599 429 737 465 civilia.
790 441 870 464 non
883 430 1010 464 minus
1025 430 1169 464 mirum
1182 433 1384 465 ostentum

209 499 252 530 et
294 499 429 530 nostra
470 496 654 543 cognom't
697 498 807 529 aetas
851 505 953 529 anno
997 493 1164 529 Neronis
1200 494 1385 542 principis

209 570 408 607 supremo,
448 560 549 594 sicut
588 560 629 593 in
667 557 785 594 rebus
827 559 909 594 eius
957 559 1222 606 exposuimus,
1261 558 1385 605 pratis

208 621 385 671 oleisque
408 621 686 658 intercedente
709 621 869 670 publica
892 623 955 657 via
978 623 1018 657 in
1041 623 1257 657 contrarias
1282 620 1386 657 sedis

208 689 464 736 transgressis
491 689 532 722 in
559 699 655 736 agro
684 685 925 730 Marrucino,
942 685 1112 734 praediis
1139 685 1251 721 Vetti
1280 684 1387 721 Mar-

209 750 300 787 celli
315 753 457 800 equitis
474 750 640 787 Romani
656 763 718 786 res
736 749 903 786 Neronis
918 752 1177 799 procurantis.

124 818 188 850 200
263 814 481 851 LXXXVI.
537 815 655 851 Fiunt
667 814 784 850 simul
795 827 885 850 cum
897 819 1030 850 terrae
1042 819 1154 850 motu
1169 818 1211 850 et
1223 812 1388 850 inunda-

209 882 337 915 tiones
358 882 476 915 maris
498 879 639 916 eodem
660 878 845 915 videlicet
865 880 1006 927 spiritu
1026 877 1143 914 infusi
1164 883 1234 914 aut
1253 883 1388 914 terrae

208 943 373 980 sidentis
422 946 509 980 sinu
555 945 719 992 recepti.
772 945 967 979 maximus
1015 947 1150 979 terrae
1197 944 1389 978 memoria

209 1007 438 1044 mortalium
459 1010 614 1045 exstitit
633 1013 764 1044 motus
785 1007 933 1044 Tiberii
953 1006 1131 1043 Caesaris
1151 1008 1389 1056 principatu,

209 1071 289 1108 XII
313 1072 474 1109 urbibus
497 1072 617 1109 Asiae
639 1085 718 1109 una
740 1076 858 1108 nocte
880 1073 1105 1120 prostratis,
1125 1070 1389 1107 creberrimus

211 1136 358 1173 Punico
385 1137 492 1173 bello
520 1139 626 1173 intra
654 1136 826 1173 eundem
853 1148 1000 1172 annum
1028 1137 1175 1184 septies
1204 1147 1249 1171 ac
1277 1137 1389 1184 quin-

210 1204 374 1251 quagies
390 1203 594 1238 nuntiatus
612 1200 794 1244 Romam,
807 1213 884 1250 quo
898 1199 1058 1249 quidem
1075 1212 1178 1235 anno
1195 1198 1246 1235 ad
1261 1199 1389 1235 Trasi-

210 1278 373 1302 menum
413 1265 543 1302 lacum
583 1265 818 1302 dimicantes
859 1267 1079 1300 maximum
1118 1269 1273 1300 motum
1314 1275 1389 1299 nee

210 1329 333 1366 Poeni
349 1343 510 1366 sensere
527 1343 601 1366 nec
618 1329 798 1366 Romani.
852 1341 926 1365 nec
944 1341 1039 1364 vero
1055 1327 1223 1378 simplex
1241 1327 1389 1363 malum

212 1400 282 1431 aut
304 1397 345 1430 in
366 1397 451 1444 ipso
472 1400 633 1431 tantum
653 1399 767 1430 motu
789 1392 1013 1442 periculum
1035 1397 1111 1436 est,
1132 1391 1204 1429 sed
1225 1404 1297 1441 par
1319 1397 1389 1428 aut

210 1461 336 1495 maius
366 1458 578 1496 ostent01:
622 1471 840 1508 numquam
869 1457 963 1493 urbs
993 1456 1120 1493 Roma
1147 1459 1315 1493 tremuit
1344 1461 1390 1492 ut

211 1536 289 1559 non
307 1522 431 1560 futuri
449 1528 614 1560 eventus
634 1522 795 1558 alicuius
814 1521 855 1558 id
870 1523 1154 1571 praenuntium
1173 1525 1290 1557 esset.

125 1591 187 1623 201
264 1587 506 1625 LXXXVII.
559 1586 712 1624 Eadem
749 1588 999 1622 nascentium
1035 1598 1154 1622 causa
1189 1590 1389 1622 terrarum

213 1657 288 1696 est,
319 1665 409 1688 cum
440 1651 547 1688 idem
577 1651 645 1688 ille
677 1654 837 1701 spiritus
871 1649 1101 1687 adtollendo
1132 1654 1275 1699 potens
1306 1648 1390 1685 solo

209 1728 290 1753 non
310 1716 432 1753 valuit
453 1729 675 1766 erumpere.
729 1720 944 1751 nascuntur
965 1716 1070 1751 enim
1089 1726 1163 1750 nec
1183 1713 1386 1750 fluminum

558 1794 570 1814 ²
603 1794 698 1834 Y<in>
716 1796 853 1824 ostento
870 1791 1049 1824 Rackham.

254 1885 270 1900 a

256 1924 268 1944 ¹²
292 1891 365 1955 {ffe-
381 1882 660 1965 figi'ghbourhood
677 1922 716 1954 of
729 1922 844 1960 Teate,
863 1932 940 1953 now
957 1921 1078 1959 Chieti,
1097 1931 1142 1953 on
1159 1920 1218 1952 the
1235 1919 1388 1951 Adriatic

209 1971 354 2041 οοῗπέΠ
373 2018 439 2041 Rc.
713 2007 728 2028 ὅ
752 2009 844 2050 Lago
860 2007 894 2039 di
910 2007 1064 2049 Perugia.

211 2071 282 2108 330
