1471 2326
89 1124 130 1154 68

87 1695 130 1726 69

361 127 528 165 PLINY
541 141 550 164 :
599 126 863 165 NATURAL
896 127 1134 165 HISTORY

155 235 340 279 vagatur,
377 229 448 266 sed
484 232 642 266 omnino
675 242 754 265 non
792 228 988 266 excedens
1022 242 1126 268 eum.
1193 229 1243 266 ab
1275 229 1334 266 his

158 293 336 329 Mercuri
381 292 500 329 stella
543 292 758 336 laxissime,
803 298 848 329 ut
893 298 1031 329 tamen
1077 305 1098 329 e
1143 293 1335 330 duodenis

156 357 337 406 partibus
378 357 456 405 (tot
497 359 601 392 enim
641 362 733 392 sunt
771 356 1009 405 latitudinis)
1050 369 1129 392 non
1167 356 1335 406 amplius

157 426 318 456 octonas
355 425 554 469 pererret,
588 432 719 469 neque
754 419 824 456 has
861 419 1098 469 aequaliter,
1131 420 1203 457 sed
1237 420 1334 457 duas

156 483 287 520 medio
310 486 392 519 eius
415 489 456 520 et
476 496 596 532 supra
617 489 807 532 quattuor
827 482 929 519 infra
951 483 1060 520 duas.
1113 483 1173 520 sol
1191 483 1335 520 deinde

155 547 289 583 medio
319 546 450 583 fertur
481 550 586 583 inter
617 546 714 583 duas
746 552 881 596 partes
913 546 1089 583 flexuoso
1120 547 1336 583 draconum

157 616 295 646 meatu
330 610 562 659 inaequalis,
602 610 746 646 Martis
792 610 912 647 stella
957 616 1147 660 quattuor
1181 610 1336 655 mediis,

157 673 259 710 Iovis
289 673 422 710 media
453 680 494 710 et
524 687 644 722 super
675 687 763 710 eam
797 673 964 717 duabus,
989 673 1148 710 Saturni
1181 673 1334 711 duabus

154 742 201 773 ut
240 736 310 773 sol.
364 736 463 774 haec
504 740 581 774 erit
621 737 879 774 latitudinum
918 739 1022 774 ratio
1063 737 1115 774 ad
1154 743 1335 774 austrum

155 800 485 837 descendentium
511 807 580 837 aut
607 800 657 837 ad
682 801 913 850 aquilonem
938 801 1207 838 subeuntium.
1261 800 1335 838 hac

154 870 337 901 constare
375 870 417 901 et
452 867 617 901 tertiam
652 864 762 900 illam
799 877 822 900 a
856 870 968 900 terra
1003 865 1259 901 subeuntium
1295 867 1336 901 in

154 927 323 971 caelum,
350 933 392 964 et
416 931 569 977 pariter
593 928 727 964 scandi
755 941 843 964 eam
870 941 1027 977 quoque
1055 930 1334 966 existimavere

155 991 336 1040 plerique
368 991 480 1028 falso.
535 994 601 1041 qui
634 997 679 1028 ut
711 998 992 1041 coarguantur,
1025 992 1241 1041 aperienda
1274 998 1335 1029 est

156 1055 355 1091 subtilitas
375 1058 556 1091 inmensa
577 1061 618 1092 et
639 1068 775 1091 omnes
797 1068 862 1091 eas
883 1055 1078 1104 conplexa
1097 1068 1246 1093 causas.

208 1118 403 1155 Convenit
440 1119 576 1155 stellas
615 1122 655 1155 in
693 1132 833 1155 occasu
870 1121 1098 1168 vespertino
1134 1123 1334 1169 proximas

157 1195 242 1219 esse
273 1188 409 1219 terrae
442 1188 483 1219 et
515 1183 727 1219 altitudine
761 1188 802 1219 et
832 1182 1060 1227 latitudine,
1092 1189 1335 1233 exortusque

155 1249 372 1283 matutinos
394 1248 434 1282 in
454 1249 566 1282 initio
587 1249 776 1295 cuiusque
799 1246 898 1289 fieri,
917 1249 1111 1283 stationes
1132 1249 1172 1282 in
1192 1247 1332 1284 mediis

156 1309 412 1346 latitudinum
431 1310 620 1353 articulis,
638 1323 740 1359 quae
758 1316 900 1346 vocant
919 1310 1113 1359 ecliptica.
1168 1311 1334 1360 perinde

154 1373 379 1410 confessum
401 1379 461 1410 est
480 1380 633 1410 motum
655 1376 792 1423 augeri
813 1373 1002 1423 quamdiu
1030 1376 1072 1410 in
1101 1376 1226 1411 vicino
1255 1378 1335 1412 sint

154 1442 304 1480 terrae,
329 1450 419 1473 cum
445 1437 662 1474 abscedant
686 1440 727 1473 in
752 1437 1020 1481 altitudinem,
1044 1441 1190 1481 minui3
1230 1452 1332 1488 quae

154 1504 257 1537 ratio
311 1501 427 1537 lunae
481 1504 656 1537 maxime
710 1501 1021 1538 sublimitatibus
1076 1501 1332 1551 adprobatur.

155 1577 283 1614 aeque
304 1577 383 1600 non
406 1570 467 1601 est
489 1564 654 1601 dubium
675 1567 715 1600 in
737 1565 942 1602 exortibus
963 1568 1170 1602 matutinis
1193 1569 1333 1603 etiam-

155 1641 249 1664 num
266 1641 414 1678 augere
430 1634 552 1678 atque
569 1641 591 1664 a
606 1629 843 1665 stationibus
858 1631 995 1678 primis
1010 1634 1093 1666 tres
1109 1632 1334 1679 superiores

157 1691 378 1728 diminuere
405 1705 529 1741 usque
557 1691 608 1728 ad
633 1695 827 1728 stationes
853 1692 1058 1729 secundas.
1113 1706 1215 1742 quae
1241 1707 1332 1731 cum

155 1758 211 1791 ita
242 1758 334 1798 sint,
365 1755 623 1792 manifestum
656 1758 733 1792 erit
763 1756 814 1792 ab
846 1761 990 1793 exortu
1019 1759 1218 1794 matutino
1248 1757 1336 1794 lati-

242 1892 258 1907 ⁰
280 1889 294 1928 ξ
309 1890 349 1919 65
368 1889 426 1921 fin.
827 1889 840 1909 ⁶
860 1889 979 1921 Prima
993 1891 1088 1928 ratio,
1105 1891 1118 1930 ξ
1134 1891 1187 1923 63.

242 1936 254 1950 ⁶
275 1932 426 1964 Secunda
439 1932 535 1969 ratio,
551 1932 566 1972 §
581 1933 633 1964 65.
823 1931 838 1951 ⁶
862 1933 974 1965 Tertia
990 1934 1084 1970 ratio,
1101 1934 1116 1973 ξ
1131 1934 1172 1964 65
1188 1932 1246 1966 fin.

616 1980 626 1994 '³
649 1973 711 2006 See
726 1975 741 2015 ἓ
755 1975 794 2006 71
811 1975 868 2007 fin.

156 2045 226 2079 214
