1471 2326
390 122 558 159 PLINY
571 135 581 160 :
629 122 893 160 NATURAL
927 121 1163 159 HISTORY

190 228 358 276 vestigia
413 230 595 262 exstent:
662 225 823 261 urbibus
877 223 1113 274 plerumque
1167 224 1364 261 devoratis

188 308 454 345 agrorumque
476 300 609 331 tractu
631 293 788 338 hausto,
810 296 1011 330 maritima
1033 300 1169 330 autem
1191 297 1365 331 maxime

192 367 441 414 quatiuntur,
459 377 532 400 nec
552 370 762 400 montuosa
780 363 850 400 tali
869 363 974 400 malo
993 369 1153 400 carent:
1188 363 1367 412 explora-

190 440 277 470 tum
288 433 384 470 mihi
396 439 457 471 est
468 433 590 483 Alpes
602 433 965 483 Appenninumque
976 435 1131 482 saepius
1143 436 1366 470 tremuisse.

108 509 170 541 195
244 504 297 540 Et
313 509 504 540 autumno
520 516 565 540 ac
580 516 674 540 vere
687 508 823 540 terrae
837 503 1013 539 crebrius
1029 508 1252 546 moventur,
1266 505 1367 539 sicut

192 573 368 610 fulmina.
423 574 513 610 ideo
543 572 697 609 Galliae
733 578 775 609 et
809 572 1020 622 Aegyptus
1049 574 1210 608 minime
1241 573 1368 621 quati-

193 649 327 686 untur,
347 645 533 692 quoniam
552 641 615 678 hic
636 644 799 678 aestatis
818 654 936 678 causa
954 641 1101 685 obstat,
1120 641 1198 677 illic
1214 640 1366 677 hiemis.

192 715 290 749 item
318 718 439 749 noctu
466 714 622 762 saepius
652 725 771 761 quam
798 710 985 748 interdiu.
1039 713 1203 747 maximi
1231 716 1368 747 autem

192 788 322 819 motus
341 785 518 818 existunt
533 784 719 818 matutini
736 783 1046 830 vespertinique,
1061 780 1132 817 sed
1146 782 1369 830 propinqua

192 852 279 888 luce
311 852 455 895 crebri,
486 851 661 888 interdiu
694 856 831 887 autem
862 853 966 886 circa
996 849 1216 886 meridiem.
1270 849 1370 885 fiunt

193 927 236 958 et
255 921 346 958 solis
367 921 564 970 lunaeque
585 919 762 964 defectu,
783 922 970 970 quoniam
989 925 1253 968 tempestates
1273 924 1370 955 tunc

192 994 413 1041 sopiuntur,
459 993 672 1040 praecipue
719 1003 813 1026 vero
861 1002 951 1026 cum
997 991 1177 1039 sequitur
1223 988 1370 1025 imbres

193 1066 325 1098 aestus
342 1061 536 1097 imbresve
553 1066 720 1097 aestum.

110 1135 173 1167 196
248 1130 475 1167 LXXXIII.
548 1129 790 1180 Navigantes
849 1142 1006 1179 quoque
1063 1130 1340 1178 praesentiunt
1356 1126 1371 1151 1

193 1214 273 1237 non
297 1200 417 1237 dubia
444 1203 673 1237 coniectura
696 1202 780 1236 sine
806 1198 903 1236 flatu
927 1201 1219 1235 intumescente
1248 1197 1372 1234 fluctu

196 1271 328 1307 subito
365 1276 435 1307 aut
473 1272 680 1320 quatiente
716 1272 810 1306 ictu.
864 1271 1085 1305 intremunt
1122 1281 1216 1304 vero
1254 1273 1296 1304 et
1331 1269 1372 1303 in

194 1340 358 1377 navibus
391 1345 527 1389 postes
562 1339 720 1389 aeque-‘³
754 1352 874 1389 quam
906 1341 947 1374 in
979 1337 1166 1375 aedificiis
1199 1339 1373 1386 crepitu-

194 1423 272 1460 que
301 1412 606 1459 praenuntiant3
649 1412 744 1459 quin
775 1414 817 1445 et
848 1407 1023 1444 volucres
1054 1420 1133 1443 non
1164 1405 1373 1457 inpavidae

193 1480 348 1517 sedent.
404 1485 465 1516 est
493 1485 535 1516 et
562 1481 602 1515 in
628 1478 739 1515 caelo
766 1481 923 1528 signum
948 1476 1233 1527 praeceditque
1260 1481 1372 1512 motu

194 1549 329 1587 futuro
358 1555 428 1586 aut
456 1548 631 1586 interdiu
660 1554 729 1585 aut
757 1547 875 1598 paulo
903 1553 995 1597 post
1023 1559 1204 1584 occasum
1232 1558 1374 1583 sereno

194 1622 325 1656 tenuis
343 1633 417 1656 ceu
432 1619 538 1656 linea
555 1619 680 1655 nubes
698 1621 739 1654 in
753 1617 917 1668 longum
934 1622 1120 1666 porrecta
1137 1619 1320 1666 spatium.

113 1694 175 1726 197
251 1689 470 1726 LXXXIV.
524 1688 597 1725 Est
614 1694 655 1725 et
671 1691 711 1724 in
725 1690 856 1738 puteis
872 1686 1067 1724 turbidior
1082 1699 1185 1736 aqua
1200 1698 1273 1722 nec
1289 1687 1373 1721 sine

197 1759 325 1795 odoris
346 1758 494 1803 taedio,
514 1761 615 1795 sicut
635 1761 676 1794 in
695 1757 836 1794 iisdem
858 1762 919 1794 est
938 1756 1172 1800 remedium,
1194 1754 1309 1805 quale
1332 1759 1376 1791 et

195 1829 325 1866 crebri
359 1841 497 1878 specus
533 1828 744 1877 praebent,
778 1832 1015 1876 conceptum
1052 1828 1157 1862 enim
1192 1827 1376 1875 spiritum

429 1942 441 1961 ¹
464 1941 655 1973 Rackham:
682 1941 844 1972 sentiunt.

434 1985 447 2004 ²
468 1985 579 2017 Rueck
593 1997 600 2016 z
628 1985 807 2025 positaque
822 1982 870 2016 vel
884 1983 999 2024 posita
1014 1992 1131 2024 aeque.

196 2050 267 2098 326
