1471 2326
145 354 189 385 62

147 927 189 959 63

145 1628 189 1659 64

420 119 588 158 PLINY
601 134 611 159 ε
660 121 924 159 NATURAL
957 121 1194 160 HISTORY

214 221 450 273 longissimis
463 222 678 260 distantiae
690 236 785 260 suae
799 223 952 260 finibus.
1002 224 1192 261 Mercurii
1202 227 1394 262 stationes

215 286 397 323 breviore
416 292 621 324 momento
642 300 761 337 quam
781 293 826 324 ut
846 286 1093 337 deprehendi
1114 290 1276 337 possint.

264 350 380 387 XIII.
435 350 547 387 Haec
569 356 630 387 est
649 350 845 387 luminum
864 350 1257 401 occultationumque
1277 354 1394 396 ratio,

214 413 444 463 perplexior
466 419 579 450 motu
603 413 819 464 multisque
843 414 1021 451 involuta
1043 414 1256 459 miraculis,
1277 417 1396 464 siqui-

215 476 309 513 dem
325 477 621 527 magnitudines
638 490 728 514 suas
747 483 789 514 et
805 477 959 514 colores
976 483 1151 522 mutant,
1169 483 1210 515 et
1228 477 1395 515 eaedem

216 540 268 577 ad
293 543 613 590 septentrionem
640 540 836 578 accedunt
863 541 1094 591 abeuntque
1123 541 1173 578 ad
1200 547 1395 585 austrum,

214 606 413 654 terrisque
452 607 658 654 propiores
698 611 768 642 aut
807 604 919 642 caelo
958 611 1125 655 repente
1165 610 1394 642 cernuntur.

215 670 256 704 in
274 668 414 718 quibus
433 668 550 705 aliter
566 668 695 705 multa
712 681 832 718 quam
849 671 1002 719 priores
1019 668 1208 706 tradituri
1223 667 1397 706 fatemur

215 744 263 768 ea
285 744 443 781 quoque
462 731 622 768 illorum
645 745 732 769 esse
752 735 928 769 muneris
952 735 1018 782 qui
1039 735 1157 782 primi
1179 731 1396 782 quaerendi

217 797 297 832 vias
317 795 696 839 demonstraverint,
715 795 834 832 modo
853 809 904 833 ne
925 799 1011 846 quis
1031 795 1221 846 desperet
1239 795 1397 833 saecula

212 859 406 908 proficere
424 872 595 909 semper.

268 922 449 959 Pluribus
482 923 532 959 de
564 926 690 959 causis
723 922 822 960 haec
853 926 987 960 omnia
1018 923 1215 961 accidunt.
1268 926 1397 974 prima

212 986 448 1023 circulorum
496 1000 592 1036 quos
640 987 782 1023 Graeci
829 988 962 1038 ἀψῖδας
1007 990 1048 1024 in
1087 987 1214 1024 stellis
1255 993 1397 1024 vocant

215 1049 383 1099 (etenim
433 1050 597 1087 Graecis
647 1050 844 1087 utendum
895 1054 973 1088 erit
1022 1050 1251 1100 vocabulis).
1305 1057 1398 1088 sunt

214 1119 352 1150 autem
374 1113 414 1150 hi
438 1127 530 1150 suus
548 1113 563 1137 1
583 1117 725 1164 cuique
746 1127 896 1158 earum,
920 1114 1067 1164 aliique
1091 1128 1211 1164 quam
1233 1114 1396 1159 mundo,

214 1180 401 1227 quoniam
415 1183 527 1215 terra
542 1190 566 1214 a
580 1178 796 1215 verticibus
813 1178 964 1215 duobus
982 1192 1078 1228 quos
1095 1178 1399 1228 appellaverunt

214 1241 325 1291 polos
348 1247 532 1278 centrum
553 1241 654 1278 caeli
678 1247 753 1285 est,
775 1255 850 1278 nec
871 1255 951 1278 non
975 1248 1016 1279 et
1037 1241 1217 1292 signiferi
1238 1241 1398 1291 oblique

214 1307 321 1342 inter
346 1318 413 1342 eos
438 1307 516 1342 siti.
572 1304 720 1356 [omnia
745 1311 882 1342 autem
907 1305 1007 1342 haec
1031 1311 1218 1343 constant
1241 1308 1397 1343 ratione

213 1371 347 1405 circini
383 1382 542 1418 semper
578 1368 833 1420 indubitata]
849 1369 864 1392 2
918 1383 1015 1420 ergo
1051 1370 1101 1406 ab
1137 1369 1215 1406 alio
1251 1372 1394 1419 cuique

213 1438 353 1469 centro
395 1432 552 1482 apsides
593 1445 688 1469 suae
731 1439 966 1483 exsurgunt,
1007 1433 1178 1483 ideoque
1219 1432 1396 1470 diversos

213 1495 364 1533 habent
381 1497 497 1533 orbes
513 1502 726 1546 motusque
743 1496 969 1541 dissimiles,
985 1499 1172 1547 quoniam
1187 1499 1399 1535 interiores

215 1559 371 1609 apsidas
391 1573 555 1597 necesse
575 1566 637 1597 est
654 1561 856 1597 breviores
876 1574 974 1598 esse.

268 1623 396 1674 Igitur
436 1638 460 1661 a
498 1629 634 1661 terrae
674 1630 814 1661 centro
854 1624 1009 1674 apsides
1050 1624 1265 1661 altissimae
1305 1630 1398 1662 sunt

217 1686 389 1724 Saturno
409 1690 450 1724 in
469 1691 692 1738 scorpione,
714 1687 796 1724 Iovi
816 1690 856 1724 in
876 1691 1043 1738 virgine,
1065 1688 1190 1725 Marti
1210 1691 1251 1724 in
1269 1688 1398 1732 leone,

213 1751 288 1788 soli
321 1754 363 1788 in
394 1753 578 1802 geminis,
610 1751 759 1789 Veneri
792 1754 833 1788 in
865 1754 1088 1802 sagittario,
1124 1752 1326 1789 Mercurio
1358 1754 1399 1787 in

398 1836 412 1857 ²
434 1836 625 1869 Rackham:
655 1838 717 1869 sui.
1007 1836 1019 1855 ²
1041 1837 1123 1869 Sed.
1140 1837 1208 1869 edd.

427 1969 442 1985 ⁰
464 1965 603 1998 Editors
619 1966 725 2008 reject
742 1965 810 1998 this
827 1976 864 1998 as
880 1976 925 1998 an
941 1966 1194 2009 interpolation.

220 2039 291 2064 210
