1471 2326
406 129 573 168 PLINY
586 143 596 168 ε
644 131 908 169 NATURAL
941 131 1178 170 HISTORY

207 235 300 283 quia
332 231 526 270 exhausto
557 232 650 270 inde
682 233 788 271 dulci
817 236 1025 284 tenuique,
1057 234 1163 284 quod
1193 234 1378 273 facillime

205 307 341 345 trahat
360 310 415 344 xis
434 310 565 358 ignea,
584 321 701 345 omne
720 311 895 358 asperius
914 312 1160 360 crassiusque
1178 309 1380 360 linquatur

209 382 315 432 (ideo
340 396 495 419 summa
514 396 732 433 aequorum
751 397 855 434 aqua
874 383 1092 421 dulciorem
1110 383 1380 434 profundam,¹

206 456 307 494 hanc
327 471 413 495 esse
431 461 627 495 veriorem
645 472 804 495 causam
822 461 952 509 asperi
969 462 1118 509 saporis
1137 472 1256 510 quam
1275 459 1382 510 quod

206 546 317 570 mare
333 539 467 570 terrae
485 533 604 570 sudor
620 537 672 571 sit
691 534 908 584 aeternus),
926 539 996 571 aut
1014 537 1106 584 quia
1122 534 1312 584 plurimus
1332 547 1382 572 ex

208 608 317 644 arido
333 611 546 645 misceatur
560 608 617 645 illi
631 622 767 659 vapor,
782 615 852 646 aut
868 612 960 659 quia
974 615 1108 647 terrae
1124 615 1267 647 natura
1281 612 1384 647 sieut

207 683 426 720 medicatas
456 697 578 734 aquas
607 684 767 721 inficiat.
823 690 884 721 est
907 687 949 721 in
973 684 1166 734 exemplis
1190 684 1383 735 Dionysio

208 758 363 797 Siciliae
380 764 566 809 tyranno,
582 772 672 796 cum
688 759 822 809 pulsus
841 765 903 796 est
920 772 968 796 ea
983 762 1179 809 potentia,
1196 759 1384 797 accidisse

207 833 431 884 prodigium
449 840 495 871 ut
513 847 591 871 uno
610 834 674 871 die
692 837 733 871 in
749 840 869 885 portu
887 834 1135 872 dulcesceret
1151 848 1273 872 mare.

120 916 185 948 223
259 911 360 949 CIV.
414 912 449 949 E
466 915 662 949 contrario
679 911 814 949 ferunt
831 912 949 949 lunae
966 911 1184 950 femineum
1201 925 1246 949 ac
1264 912 1385 952 molle

207 986 328 1031 sidus,
352 993 475 1037 atque
499 993 736 1024 nocturnum
761 987 914 1024 solvere
938 1000 1119 1025 umorem
1144 994 1185 1024 et
1204 988 1384 1035 trahere,

207 1075 287 1099 non
323 1061 494 1100 auferre.
548 1062 589 1099 id
629 1062 886 1099 manifestum
929 1076 1015 1100 esse
1059 1062 1166 1112 quod
1207 1062 1382 1100 ferarum

207 1140 335 1174 occisa
356 1151 521 1187 corpora
542 1141 582 1174 in
607 1138 745 1175 tabem
764 1141 849 1175 visu
868 1151 938 1174 suo
958 1137 1145 1182 resolvat,
1163 1151 1383 1188 somnoque

205 1216 343 1262 sopitis
393 1219 598 1263 torporem
647 1219 897 1250 contractum
947 1216 988 1250 in
1038 1219 1159 1263 caput
1208 1219 1384 1258 revocet,

207 1288 375 1339 glaciem
404 1288 606 1332 refundat,
637 1294 860 1338 cunctaque
891 1288 1048 1325 umifico
1078 1291 1220 1338 spiritu
1250 1288 1384 1326 laxet:

208 1367 265 1401 ita
295 1366 452 1413 pensari
481 1370 649 1400 naturae
679 1366 782 1400 vices
812 1376 1051 1414 semperque
1079 1364 1272 1408 sufficere,
1301 1363 1384 1401 aliis

209 1439 384 1477 siderum
407 1439 607 1476 elementa
627 1439 877 1489 cogentibus,
893 1438 976 1475 aliis
997 1452 1091 1475 vero
1111 1438 1383 1476 fundentibus.

207 1514 279 1551 sed
302 1517 342 1551 in
366 1514 545 1551 dulcibus
571 1517 682 1564 aquis
706 1514 824 1551 lunae
848 1514 1085 1551 alimentum
1109 1527 1195 1551 esse
1218 1516 1321 1551 sicut
1344 1516 1384 1550 in

205 1593 364 1626 marinis
384 1590 486 1627 soliS.

121 1672 185 1705 224
260 1667 339 1705 CV.
393 1668 643 1705 Altissimum
677 1681 788 1705 mare
822 1667 897 1704 XV
931 1667 1151 1704 stadiorum
1186 1667 1382 1704 Fabianus

205 1743 342 1781 tradit.
397 1743 463 1780 alii
488 1746 526 1780 in
555 1743 683 1780 Ponto
712 1757 761 1780 ex
788 1743 954 1780 adverso
982 1743 1226 1779 Coraxorum
1252 1745 1383 1793 gentis

207 1819 365 1869 (vocant
403 1820 524 1868 βαθέα
567 1818 699 1869 Ponti)
736 1821 926 1855 trecentis
970 1818 1055 1855 fere
1099 1831 1122 1854 a
1164 1820 1382 1855 continenti

207 1893 347 1931 stadiis
379 1897 600 1930 inmensam
632 1893 885 1930 altitudinem
915 1896 1033 1930 maris
1063 1893 1245 1937 tradunt,
1274 1892 1379 1930 vadis

391 1985 405 2006 ¹
430 1986 483 2017 v.l.
501 1996 670 2017 summam
688 2010 696 2017 .
715 2010 722 2017 .
741 2009 749 2016 .
766 1995 894 2025 aquam
911 2010 919 2017 .
938 2009 945 2017 .
964 2008 972 2016 .
988 1985 1169 2027 profunda.

205 2058 276 2096 350
