1471 2326
106 435 167 466 107

110 945 172 975 105

113 1519 175 1550 109

385 135 552 173 PLINY
567 149 575 173 :
624 134 890 172 NATURAL
924 133 1163 172 HISTORY

188 238 403 288 appellant.
458 240 553 287 quin
582 242 623 274 et
657 249 728 273 sua
761 242 904 286 sponte
939 235 1136 285 quaedam
1168 237 1365 285 statisque

187 302 449 351 temporibus,
489 307 535 338 ut
579 300 799 337 haedorum
842 305 1017 336 exortus.
1072 300 1233 336 Arcturi
1273 311 1367 335 vero

187 366 293 402 sidus
314 378 394 401 non
412 364 538 401 ferme
558 367 642 400 sine
663 363 882 413 procellosa
900 362 1094 412 grandine
1115 365 1296 412 emergit.

240 429 326 465 XL.
356 429 459 464 Nam
488 427 689 464 caniculae
720 432 862 464 exortu
890 426 1052 463 accendi
1080 426 1172 462 solis
1201 438 1366 475 vapores

190 496 276 543 quis
315 495 488 542 ignorat,
526 494 635 528 cuius
674 490 814 527 sideris
855 489 1018 527 effectus
1058 489 1290 539 amplissimi
1327 492 1368 525 in

188 563 300 594 terra
350 555 606 593 sentiuntur?
658 554 817 592 fervent
869 556 994 590 maria
1047 556 1254 590 exoriente
1308 565 1369 597 eo,

191 620 386 657 fluctuant
414 623 455 656 in
482 619 593 656 cellis
622 621 726 662 vina,
753 623 964 655 moventur
992 623 1148 667 stagna.
1201 629 1369 667 orygem

190 683 368 733 appellat
389 684 598 734 Aegyptus
618 682 745 719 feram
766 695 885 732 quam
904 684 945 717 in
965 687 1108 718 exortu
1128 683 1210 717 eius
1230 686 1371 717 contra

190 754 297 784 stare
322 753 363 784 et
386 749 566 784 contueri
583 746 709 783 tradit
727 759 772 782 ac
792 745 902 782 velut
920 745 1086 781 adorare
1106 757 1196 781 cum
1214 750 1371 781 sternu-

192 815 281 848 erit.
335 824 452 848 canes
472 810 632 860 quidem
650 816 737 847 toto
757 822 804 846 eo
821 811 950 858 spatio
968 811 1144 845 maxime
1161 810 1203 844 in
1217 808 1370 845 rabiem

193 878 257 925 agi
276 888 355 912 non
375 880 436 912 est
455 875 631 911 dubium.

247 939 354 976 XLI.
384 939 490 985 Quin
511 938 691 988 partibus
716 950 874 987 quoque
896 939 1101 986 signorum
1123 935 1372 986 quorundam

193 1016 265 1039 sua
293 1005 349 1039 vis
379 1006 498 1046 inest,
527 1008 572 1039 ut
601 1001 824 1038 autumnali
853 1003 1106 1050 aequinoctio
1134 1000 1372 1049 brumaque,

194 1080 284 1104 cum
318 1066 628 1116 tempestatibus
663 1064 802 1102 confici
837 1064 943 1101 sidus
978 1063 1264 1114 intellegimus,
1298 1076 1373 1100 nec

194 1131 385 1167 imbribus
422 1136 582 1167 tantum
618 1129 1010 1178 tempestatibusque
1046 1127 1118 1164 sed
1154 1127 1289 1164 multis
1329 1132 1372 1164 et

195 1208 405 1244 corporum
420 1200 461 1231 et
473 1197 572 1230 ruris
587 1195 885 1243 experimentis,
939 1191 1138 1229 adflantur
1151 1191 1218 1229 alii
1229 1191 1374 1235 sidere,

196 1258 262 1295 alii
301 1264 602 1295 commoventur
642 1259 757 1294 statis
797 1256 1046 1305 temporibus
1088 1255 1189 1298 alvo,
1229 1257 1374 1299 nervis,

196 1325 342 1371 capite,
367 1328 516 1358 mente.
571 1320 659 1357 olea
686 1326 728 1357 et
753 1320 921 1370 populus
949 1319 1040 1355 alba
1067 1325 1109 1356 et
1133 1318 1273 1355 salices
1299 1318 1375 1355 sol-

195 1389 306 1423 stitio
346 1385 439 1422 folia
479 1388 766 1434 circumagunt.
821 1383 937 1420 floret
976 1386 1061 1432 ipso
1099 1382 1269 1419 brumali
1309 1382 1373 1419 die

197 1462 388 1499 suspensa
419 1452 460 1486 in
492 1451 610 1486 tectis
645 1451 793 1485 arentis
827 1447 953 1484 herba
986 1446 1109 1496 pulei,
1134 1451 1374 1495 rumpuntur

198 1517 378 1550 intentae
405 1516 547 1563 spiritu
573 1512 843 1549 membranae.
898 1513 1065 1548 miretur
1094 1509 1168 1547 hoc
1199 1513 1265 1559 qui
1295 1522 1375 1546 non

198 1578 384 1614 observet
405 1577 603 1614 cotidjano
627 1579 904 1625 experimento
924 1574 1093 1611 herbam
1114 1587 1249 1618 unam,
1271 1586 1374 1623 quae

199 1647 361 1678 vocatur
414 1640 710 1689 heliotropium,
765 1639 982 1675 abeuntem
1049 1637 1174 1674 solem
1229 1639 1376 1674 intueri

197 1718 357 1754 semper
386 1705 648 1753 omnibusque
679 1703 783 1739 horis
814 1716 905 1739 cum
936 1715 984 1738 eo
1014 1704 1117 1738 verti
1148 1701 1211 1738 vel
1240 1701 1376 1737 nubilo

200 1769 477 1805 obumbrante.
532 1771 610 1804 iam
625 1767 785 1817 quidem
799 1766 925 1802 lunari
938 1771 1142 1815 potestate
1155 1770 1376 1802 ostrearum

200 1832 577 1882 conchyliorumque
623 1837 664 1868 et
708 1829 948 1867 concharum
992 1831 1169 1866 omnium
1212 1841 1377 1877 corpora

201 1899 338 1946 augeri
369 1909 414 1932 ac
445 1908 575 1932 rursus
606 1897 743 1937 minui,
773 1897 869 1943 quin
899 1899 940 1930 et
969 1895 1139 1930 soricum
1170 1892 1286 1928 fibras
1316 1905 1374 1928 re-

327 1996 341 2010 α
368 1992 482 2027 Ὑάδες
497 1991 585 2022 from
600 1992 664 2023 ζειν
681 1990 687 2001 ⁴
701 1995 736 2022 to
752 1990 847 2029 rain,'
863 1994 924 2021 not
938 1989 1026 2021 from
1041 1988 1074 2024 ὗς
1090 1988 1096 1999 ‘
1110 2000 1129 2020 a
1143 1987 1222 2030 pig.'

196 2056 268 2093 250
