1471 2326
419 113 586 152 PLINY
599 127 608 152 z
657 114 920 152 NATURAL
954 112 1189 153 HISTORY

215 230 338 267 opaca
361 217 456 254 silva
480 230 581 267 quae
604 230 822 267 numquam
845 216 909 254 die
933 229 977 254 ac
999 222 1118 254 nocte
1141 216 1283 254 eodem
1301 216 1391 254 luco

215 285 369 326 visitur,
386 284 427 318 in
446 281 572 332 Lydia
591 294 692 331 quae
711 287 902 318 vocantur
919 280 1148 318 Calaminae
1166 294 1247 318 non
1262 284 1390 318 ventis

215 345 343 383 solum
360 345 432 382 sed
449 348 570 382 etiam
587 348 713 382 contis
732 358 809 395 quo
824 344 949 382 libeat
966 344 1159 395 inpulsae,
1174 344 1390 382 multorum

215 412 360 446 civium
393 409 667 446 Mithridatico
696 409 805 446 bello
835 409 951 446 salus.
1004 415 1097 446 sunt
1127 415 1170 446 et
1198 412 1240 446 in
1270 408 1393 459 Nym-

215 473 345 524 phaeo
359 486 519 523 parvae,
534 473 702 510 Saliares
718 472 864 517 dictae,
880 475 1065 523 quoniam
1079 475 1121 510 in
1134 472 1393 523 symphoniae

215 543 336 574 cantu
367 537 419 574 ad
446 540 547 574 ictus
577 537 869 574 modulantium
898 537 1047 587 pedum
1076 543 1298 574 moventur.
1351 540 1394 574 in

215 601 488 652 Tarquiniensi
504 601 592 638 lacu
608 615 753 652 magno
772 601 913 639 Italiae
931 601 1033 638 duae
1051 614 1214 638 nemora
1230 604 1394 638 eircum-

220 665 371 710 ferunt,
420 679 523 703 nunc
571 669 812 716 triquetram
860 666 1027 716 figuram
1077 665 1242 702 edentes
1290 678 1394 703 nune

214 730 429 768 rotundam
457 730 653 780 conplexu
676 733 802 767 ventis
825 730 1136 780 impellentibus,
1158 729 1393 780 quadratam

218 807 447 844 numquam.

133 863 197 895 210
269 859 432 896 XCVII.
485 859 654 896 Celebre
675 858 812 895 fanum
832 857 956 896 habet
977 858 1142 895 Veneris
1165 857 1334 908 Paphos,
1354 861 1395 895 in

219 926 327 960 cuius
363 923 563 973 quandam
604 936 737 960 aream
772 936 852 959 non
890 922 1061 972 impluit,
1088 925 1186 960 item
1219 925 1261 959 in
1294 922 1395 968 Nea,

218 987 362 1037 oppido
378 988 556 1032 Troadis,
571 990 675 1024 circa
690 987 944 1024 simulacrum
963 987 1183 1031 Minervae,
1198 989 1239 1023 in
1254 986 1394 1024 eodem

135 1056 195 1087 211
221 1057 263 1088 et
280 1052 421 1089 relicta
439 1052 629 1088 sacrificia
646 1065 726 1088 non
743 1057 991 1101 putrescunt.
1044 1051 1228 1088 XCVIII.
1282 1053 1396 1088 iuxta

218 1116 400 1166 Harpasa
431 1116 621 1166 oppidum
653 1117 773 1153 Asiae
805 1122 941 1153 cautes
973 1121 1055 1153 stat
1086 1115 1286 1152 horrenda
1318 1128 1396 1152 uno

217 1179 344 1230 digito
380 1181 551 1225 mobilis,
588 1180 742 1224 eadem,
777 1183 810 1217 si
845 1186 933 1217 toto
967 1193 1133 1230 corpore
1169 1179 1397 1229 inpellatur,

215 1248 417 1282 resistens.
470 1248 512 1281 in
533 1245 753 1282 Taurorum
777 1244 1009 1294 paeninsula
1030 1247 1073 1281 in
1094 1247 1255 1281 civitate
1279 1243 1396 1281 Para-

217 1312 302 1346 sino
325 1315 434 1346 terra
457 1315 518 1346 est
540 1322 618 1359 qua
639 1315 829 1346 sanantur
851 1311 982 1345 omnia
1003 1308 1177 1345 vulnera.
1231 1314 1273 1345 at
1293 1311 1396 1346 circa

219 1374 351 1411 Asson
377 1373 539 1410 Troadis
559 1374 656 1423 lapis
676 1376 849 1410 nascitur
870 1386 946 1423 quo
966 1378 1249 1410 consumuntur
1267 1375 1396 1409 omnia

220 1450 410 1487 corpora3
462 1437 727 1488 sarcophagus
767 1443 941 1474 vocatur.
994 1437 1072 1474 duo
1110 1443 1203 1474 sunt
1240 1443 1396 1474 montes

220 1504 333 1539 iuxta
349 1501 498 1539 flumen
518 1502 661 1539 Indum
681 1515 849 1552 quorum
861 1502 876 1525 1
896 1501 1013 1538 alteri
1031 1507 1174 1538 natura
1188 1507 1233 1538 ut
1247 1500 1397 1538 sermm

218 1579 336 1603 omne
360 1572 514 1611 teneat,
539 1567 656 1603 alteri
681 1572 726 1603 ut
753 1572 938 1615 respuat3
976 1569 1112 1616 itaque
1137 1568 1169 1602 si
1192 1568 1272 1602 sint
1296 1565 1397 1602 clau

218 1633 260 1667 in
279 1631 554 1675 calciamento,
574 1633 743 1681 vestigia
763 1630 881 1667 avelli
900 1632 941 1667 in
961 1630 1089 1667 altero
1110 1643 1189 1666 non
1208 1642 1337 1679 posse,
1356 1632 1397 1666 in

217 1694 346 1732 altero
358 1698 454 1732 sisti.
509 1695 643 1732 Locris
657 1701 698 1732 et
711 1694 884 1732 Crotone
896 1694 1166 1744 pestilentiam
1181 1707 1397 1743 numquam

218 1757 339 1796 fuisse
372 1772 446 1796 nec
478 1759 559 1796 ullo
592 1765 726 1796 terrae
758 1765 872 1796 motu
904 1758 1128 1795 laboratum
1162 1758 1396 1794 adnotatum

219 1829 295 1868 est,
314 1826 355 1860 in
375 1823 497 1874 Lycia
515 1837 610 1861 vero
629 1836 788 1873 semper
806 1836 830 1859 a
847 1829 983 1860 terrae
1001 1828 1115 1860 motu
1134 1821 1396 1873 quadraginta

576 1904 589 1924 1
613 1913 760 1944 quorum
776 1903 851 1934 add.
868 1903 1048 1934 Rackham.

558 1994 575 2011 ⁸
597 1990 627 2022 A
644 1993 868 2032 promontory
885 1990 921 2021 in
937 1989 1065 2031 Illyria.

217 2047 291 2085 340
