1471 2326
368 130 534 169 PLINY
549 146 558 169 :
608 133 871 170 NATURAL
907 133 1143 172 HISTORY

168 246 306 283 vagus,
320 236 401 270 sive
417 233 593 283 disparili
609 237 829 271 errantium
843 234 1019 272 siderum
1033 238 1114 272 ictu
1130 236 1345 273 radiorum-

169 320 246 357 que
285 307 517 345 multiformi
556 311 663 345 iactu
702 308 927 359 flagellatus
966 323 1049 354 aer,
1086 313 1167 347 sive
1206 324 1230 347 a
1266 314 1344 347 suis

167 382 361 419 sideribus
394 388 543 419 exeunt
572 382 630 419 his
661 384 910 432 propioribus
940 386 1021 421 sive
1052 385 1102 420 ab
1130 384 1206 421 illis
1235 385 1346 422 caelo

167 456 307 493 adfixis
326 456 488 500 cadunt,
507 457 639 506 palam
660 463 722 494 est
739 457 826 494 illos
848 471 1005 508 quoque
1024 458 1157 509 legem
1175 465 1344 496 naturae

166 529 316 567 habere
336 544 416 567 non
434 533 613 581 ignotam
634 534 791 568 etiamsi
808 532 985 569 nondum
1004 536 1292 583 percognitam.

85 610 145 641 117
223 605 373 655 Viginti
391 605 560 655 amplius
581 612 764 643 auctores
785 606 929 644 Graeci
948 613 1106 644 veteres
1133 608 1346 657 prodidere

167 680 217 716 de
268 679 328 716 his
379 680 689 717 observationes.
762 694 840 731 quo
893 684 1020 732 magis
1074 685 1196 719 miror
1249 683 1346 720 orbe

165 754 334 791 discordi
361 760 403 791 et
428 757 468 790 in
495 768 633 805 regna,
658 754 731 792 hoc
758 761 820 792 est
845 758 885 792 in
910 757 1105 800 membra,
1130 756 1254 794 diviso
1282 762 1345 794 tot

166 832 256 865 viris
293 842 411 866 curae
448 829 568 866 fuisse
605 835 690 866 tam
727 830 851 866 ardua
888 833 1066 874 inventu,
1101 833 1206 868 inter
1239 831 1346 868 bella

166 906 403 953 praesertim
432 909 473 940 et
498 904 619 940 infida
644 904 829 954 hospitia,
854 907 993 954 piratis
1021 908 1143 942 etiam
1169 909 1344 943 omnium

160 979 390 1016 mortalium
412 978 592 1017 hostibus
614 982 853 1017 transituros
875 978 984 1016 fama
1006 978 1282 1024 terrentibus,l
1306 985 1350 1017 ut

159 1055 278 1094 hodie
317 1056 519 1108 quaedam
556 1059 597 1094 in
634 1070 705 1094 suo
743 1059 912 1107 quisque
949 1062 1084 1094 tractu
1124 1070 1174 1094 ex
1213 1069 1350 1095 eorum

165 1133 461 1168 commentariis
506 1134 572 1180 qui
616 1144 833 1181 numquam
878 1144 925 1167 eo
968 1143 1173 1167 accessere
1216 1133 1346 1167 verius

166 1212 304 1243 noscat
332 1219 451 1255 quam
479 1205 756 1255 indigenarum
783 1207 965 1249 scientia,
991 1218 1095 1241 nunc
1123 1218 1218 1242 vero
1245 1218 1344 1255 pace

164 1286 250 1318 tam
265 1280 383 1324 festa,
397 1286 481 1316 tam
497 1279 700 1330 gaudente
716 1285 913 1329 proventu
926 1279 1132 1316 literarum
1148 1274 1165 1299 ²
1184 1282 1346 1316 artium-

167 1369 245 1405 que
266 1358 459 1405 principe,
481 1357 641 1391 omnino
663 1353 760 1390 nihil
781 1354 931 1391 addisci
952 1367 1054 1390 nova
1075 1356 1346 1403 inquisitione,

81 1436 144 1469 118
168 1433 289 1466 immo
329 1442 379 1466 ne
416 1435 599 1466 veterum
638 1428 799 1478 quidem
832 1431 995 1465 inventa
1033 1428 1214 1478 perdisci.
1267 1442 1346 1466 non

166 1511 282 1541 erant
312 1507 464 1540 maiora
493 1506 672 1553 praemia
703 1506 742 1539 in
772 1503 919 1540 multos
951 1503 1130 1552 dispersa
1160 1502 1346 1540 fortunae

166 1579 456 1629 magnitudine,
482 1584 524 1615 et
548 1581 626 1614 ista
650 1577 783 1627 plures
809 1580 894 1614 sine
919 1580 1097 1627 praemio
1123 1577 1199 1614 alio
1225 1591 1345 1627 quam

167 1659 346 1704 posteros
361 1652 520 1689 iuvandi
537 1658 741 1689 eruerunt.
797 1665 927 1689 mores
943 1651 1148 1688 hominum
1163 1665 1347 1697 senuere,

165 1741 245 1764 non
256 1727 423 1771 fructus,
437 1733 477 1764 et
491 1730 670 1763 inmensa
682 1726 898 1763 multitudo
912 1732 1052 1776 aperto
1067 1726 1346 1776 quodcumque

166 1809 227 1840 est
241 1806 340 1839 mari
350 1801 615 1851 hospitalique
627 1801 788 1838 litorum
802 1804 977 1837 omnium
991 1800 1159 1850 adpulsu
1171 1803 1347 1851 navigat,

206 1894 218 1913 ¹
244 1893 284 1924 M
285 1893 400 1933 ayhoff
411 1905 417 1924 z
442 1892 611 1923 transitus
628 1891 741 1922 famae
757 1890 967 1922 terrentibus
982 1893 1041 1921 aut
1057 1889 1276 1921 terrentibus.

207 1938 218 1956 ²
241 1935 415 1978 Mayhoff:
439 1945 565 1967 rerum.

165 2031 235 2079 258
