1471 2326
121 618 162 650 70

116 1195 154 1227 71

385 125 551 163 PLINY
565 138 575 163 :
625 124 661 162 N
663 123 889 163 ATURAL
923 122 1159 162 HISTORY

183 229 341 267 tudines
359 228 493 265 scandi
516 230 701 278 quoniam
720 230 761 263 in
782 240 829 263 eo
848 229 1022 276 primum
1038 225 1180 262 habitu
1199 227 1363 275 incipiat

184 296 337 343 parcius
371 292 472 329 adici
504 297 650 335 motus,
681 294 723 328 in
753 291 990 328 stationibus
1024 303 1118 326 vero
1149 292 1286 340 primis
1320 294 1363 326 et

185 356 439 394 altitudinem
469 356 606 400 subiri,
636 358 823 405 quoniam
851 360 940 391 tum
969 357 1143 404 primum
1172 356 1364 403 incipiant

184 420 341 459 detrahi
367 423 522 457 numeri
536 420 552 443 1
571 419 795 469 stellaeque
812 421 994 456 retroire.
1047 421 1155 455 cuius
1179 419 1239 454 rei
1261 419 1364 454 ratio

185 488 372 535 privatim
403 484 608 522 reddenda
640 489 714 521 est.
767 496 980 534 percussae
1011 485 1052 519 in
1083 494 1162 532 qua
1191 481 1362 519 diximus

186 555 302 598 parte
342 554 385 586 et
422 548 624 598 triangulo
663 547 756 585 solis
793 547 904 584 radio
942 546 1172 583 inhibentur
1208 551 1365 582 rectum

190 626 310 664 agere
333 626 505 657 cursum,
528 618 570 649 et
592 615 710 662 ignea
731 614 768 648 vi
789 611 972 648 levantur
993 613 1034 647 in
1054 610 1235 647 sublime.
1289 608 1364 646 hoe

186 690 266 714 non
297 680 478 727 protinus
513 676 695 726 intellegi
726 681 863 726 potest
894 678 979 712 visu
1011 680 1163 718 nostro,
1194 673 1365 723 ideoque

186 744 468 779 existimantur
498 746 621 784 stare,
652 739 758 777 unde
791 745 834 777 et
864 752 1012 776 nomen
1043 741 1197 788 accepit
1228 740 1362 775 statio.

186 805 440 856 progreditur
458 804 603 842 deinde
622 804 800 842 eiusdem
815 803 915 840 radii
932 802 1121 840 violentia
1139 807 1181 839 et
1196 804 1366 839 retroire

185 873 293 920 cogit
308 882 455 919 vapore
470 881 690 919 percussas.
743 867 870 905 multo
885 867 927 904 id
940 869 1067 917 magis
1082 869 1124 903 in
1137 868 1366 916 vespertino

187 947 325 971 earum
356 939 514 977 exortu,
543 938 632 970 toto
661 932 745 969 sole
776 931 974 969 adverso²
1003 944 1093 968 cum
1122 933 1163 967 in
1193 942 1365 967 summas

187 997 342 1048 apsidas
365 997 635 1047 expelluntur,
653 999 922 1046 minimaeque
941 1000 1160 1032 cernuntur
1180 997 1366 1045 quoniam

182 1063 374 1099 altissime
410 1063 555 1098 absunt
591 1066 633 1098 et
667 1063 830 1098 minimo
865 1059 1053 1097 feruntur
1088 1064 1217 1103 motu,
1250 1064 1366 1096 tanto

183 1129 336 1164 minore
351 1126 366 1150 ³
385 1139 475 1163 cum
494 1125 569 1162 hoc
588 1128 628 1162 in
649 1125 848 1162 altissimis
870 1123 1051 1174 apsidum
1072 1125 1205 1160 evenit
1224 1125 1360 1173 signis.

186 1191 236 1227 ab
272 1196 416 1228 exortu
451 1192 678 1239 vespertino
712 1188 882 1226 latitudo
917 1187 1172 1225 descenditur
1208 1191 1365 1237 parcius

186 1257 265 1292 iam
295 1267 338 1292 se
368 1256 575 1291 minuente
606 1259 732 1297 motu,
764 1266 843 1290 non
873 1258 1011 1290 tamen
1042 1257 1136 1288 ante
1167 1254 1362 1290 stationes

185 1318 378 1356 secundas
423 1323 612 1368 augente,
656 1331 746 1354 cum
791 1322 834 1354 et
877 1316 1048 1354 altitudo
1093 1315 1365 1361 descenditur,

185 1385 494 1433 superveniente
535 1382 585 1418 ab
626 1382 703 1418 alio
743 1381 872 1418 latere
911 1380 1022 1418 radio
1065 1379 1286 1430 eademque
1327 1383 1364 1417 vi

183 1460 315 1485 rursus
335 1446 385 1484 ad
402 1452 531 1484 terras
551 1446 803 1496 deprimente
822 1458 900 1495 qua
917 1444 1134 1482 sustulerat
1151 1447 1193 1481 in
1209 1443 1365 1481 caelum

186 1525 208 1548 e
241 1514 373 1561 priore
404 1514 617 1561 triquetro.
670 1515 829 1547 tantum
862 1512 1033 1546 interest
1064 1508 1234 1545 subeant
1266 1508 1365 1545 radii

186 1589 237 1612 an
251 1578 547 1625 superveniant,
561 1574 769 1624 multoque
786 1573 927 1610 eadem
940 1575 1066 1623 magis
1081 1575 1122 1609 in
1136 1575 1364 1623 vespertino

186 1653 326 1677 occasu
347 1640 543 1677 accidunt.

244 1704 355 1740 Haec
385 1709 445 1740 est
473 1705 723 1753 superiorum
765 1701 973 1739 stellarum
1000 1704 1124 1745 ratio;
1174 1700 1366 1738 difficilior

188 1768 431 1819 reliquarum
469 1773 510 1805 et
547 1780 571 1804 a
606 1767 715 1803 nullo
753 1772 847 1803 ante
883 1779 953 1803 nos
989 1765 1157 1803 reddita.

540 1894 551 1913 ²
576 1893 628 1925 vl.
644 1894 784 1934 incipiat
801 1917 808 1924 .
827 1917 834 1924 .
853 1918 860 1924 .
877 1903 1049 1924 numerus.

543 1937 556 1956 ²
579 1937 631 1968 tul.
650 1947 782 1968 auerSO.

538 1979 551 1998 ³
576 1979 628 2011 vl.
645 1981 803 2011 minores.

185 2052 255 2088 216
