1471 2326
365 138 532 177 PLINY
545 152 556 177 ι
604 138 869 177 NATURAL
903 138 1140 176 HISTORY

167 240 258 278 hinc
279 244 386 278 nasei
406 240 613 291 procellas,
635 246 676 278 et
697 243 729 278 si
750 244 791 277 in
812 241 918 277 nube
938 239 1113 278 luctetur
1134 239 1250 277 flatus
1273 245 1342 277 aut

167 332 303 368 vapor,
330 321 508 356 tonitrua
537 318 616 362 edj,
643 321 675 355 si
704 323 890 367 erumpat
918 317 1075 361 ardens,
1103 317 1284 361 fulmina,
1310 320 1342 354 si

165 395 346 446 longiore
369 402 502 433 tractu
527 398 693 439 nitatur,
717 395 924 446 fulgetras.
978 394 1037 431 his
1063 394 1156 431 findj
1182 395 1344 438 nubem,

165 473 240 510 illis
270 476 488 523 perrumpi,
518 479 559 510 et
590 486 676 510 esse
705 475 884 510 tonitrua
914 475 1164 521 inpactorum
1193 474 1344 521 ignium

167 550 305 601 plagas
340 550 511 600 ideoque
547 553 727 600 protinus
763 563 970 587 coruscare
1006 552 1142 600 igneas
1179 549 1344 585 nubium

86 632 147 663 113
171 630 301 664 rimas.
355 641 470 678 posse
501 633 543 665 et
571 627 733 677 repulsu
761 627 936 664 siderum
963 627 1196 676 depressum
1226 628 1293 676 qui
1321 638 1346 663 a

166 711 277 742 terra
321 708 515 742 meaverit
560 708 729 754 spritum
773 705 879 741 nube
926 704 1145 742 cohibitum
1190 710 1346 748 tonare,

168 788 312 819 natura
353 782 630 833 strangulante
672 785 845 819 sonitum
889 781 985 818 dum
1026 784 1195 825 rixetur,
1237 781 1345 818 edito

167 859 326 910 fragore
343 873 433 896 cum
450 866 634 909 erumpat
651 865 696 896 ut
712 862 751 895 in
767 860 1001 896 membrana
1017 861 1160 908 spiritu
1175 861 1344 895 intenta.

169 950 285 986 posse
304 943 345 974 et
363 940 520 981 attritu,
538 937 633 974 dum
650 949 841 986 praeceps
859 936 1025 980 feratur,
1040 935 1152 972 illum
1171 937 1346 986 quisquis

170 1020 232 1052 est
269 1017 451 1064 spiritum
491 1015 663 1051 accendi.
719 1027 833 1063 posse
873 1019 915 1051 et
960 1013 1146 1050 conflictu
1184 1013 1347 1050 nubium

170 1092 276 1136 elidi,
306 1098 352 1129 ut
387 1092 555 1129 duorum
587 1091 778 1142 lapidum,
808 1091 1115 1128 scintillantibus
1153 1090 1348 1141 fulgetris.

169 1169 241 1206 sed
262 1169 360 1206 haec
382 1172 514 1206 omnia
536 1182 621 1206 esse
642 1169 831 1212 fortuita3
869 1168 959 1205 hinc
979 1169 1099 1205 bruta
1119 1167 1286 1204 fulmina
1307 1173 1350 1205 et

169 1260 284 1290 vana,
320 1253 366 1284 ut
400 1261 502 1297 quae
537 1247 645 1283 nulla
683 1249 845 1283 veniant
882 1248 1037 1283 ratione
1075 1251 1257 1290 naturae,
1289 1244 1349 1282 his

168 1328 325 1374 percuti
360 1330 532 1369 montes,
567 1324 625 1361 his
662 1327 787 1360 maria
823 1337 1041 1373 omnesque
1078 1323 1174 1360 alios
1210 1325 1349 1359 inritos

169 1404 317 1446 iactus;
353 1402 422 1439 illa
443 1416 537 1439 vero
559 1401 721 1439 fatidica
744 1415 793 1438 ex
815 1401 912 1445 alto,
931 1404 1128 1451 statisque
1150 1399 1201 1437 de
1221 1402 1349 1438 causis

172 1486 214 1516 et
234 1493 283 1516 ex
301 1483 380 1516 suis
399 1482 534 1516 venire
552 1479 758 1516 sideribus.

87 1563 149 1594 114
222 1557 366 1594 XLIV.
395 1557 519 1594 Simili
543 1556 661 1594 modo
685 1563 825 1594 ventos
849 1556 912 1594 vel
935 1559 1068 1606 potius
1092 1556 1209 1593 flatus
1234 1568 1350 1606 posse

171 1640 213 1672 et
227 1635 337 1672 arido
350 1637 533 1685 siccoque
548 1634 728 1671 anhelitu
741 1640 875 1671 terrae
890 1637 1000 1684 gigni
1014 1647 1094 1671 non
1107 1636 1352 1684 negaverim,

170 1725 287 1763 posse
309 1718 351 1750 et
374 1715 484 1762 aquis
507 1725 602 1749 aera
618 1712 911 1761 exspirantibus
929 1714 995 1761 qui
1012 1725 1144 1761 neque
1165 1714 1206 1747 in
1227 1711 1351 1748 nebu—

168 1789 248 1826 lam
273 1790 463 1827 densetur
487 1803 560 1826 nec
583 1795 801 1826 crassescat
825 1792 866 1826 in
889 1789 1030 1833 nubes,
1053 1802 1169 1838 posse
1194 1794 1236 1825 et
1259 1787 1352 1825 solis

170 1868 328 1917 inpulsu
353 1870 432 1918 agi,
457 1870 642 1917 quoniam
668 1872 809 1904 ventus
835 1866 933 1903 haut
958 1866 1067 1902 aliud
1090 1865 1352 1916 intellegatur

266 1985 280 1999 ⁶
303 1980 413 2012 Those
429 1980 627 2012 mentioned
643 1983 681 2011 at
696 1980 756 2011 the
773 1980 954 2021 beginning
971 1979 1010 2010 of
1021 1979 1081 2010 the
1097 1978 1248 2020 chapter.

166 2060 238 2098 254
