1471 2326
129 1010 172 1043 83

129 1494 176 1526 84

403 146 571 185 PLINY
584 159 594 185 :
642 146 907 185 NATURAL
940 145 1177 185 HISTORY

199 251 322 287 trium
361 248 537 287 siderum
576 251 689 299 ignes
730 261 817 286 esse
857 250 923 298 qui
963 247 1119 285 decidui
1159 247 1210 285 ad
1249 254 1377 286 terras

198 317 407 355 fulminum
427 331 573 355 nomen
592 317 782 361 habeant,
801 316 873 354 sed
886 319 1060 354 maxime
1082 316 1185 355 Iovis
1199 315 1216 341 1
1244 318 1378 355 medio

198 386 284 424 loco
299 389 378 431 siti,
393 386 571 424 fortassis
588 389 775 436 quoniam
790 388 1020 436 contagium
1036 388 1146 423 nimii
1163 389 1311 423 umoris
1329 399 1379 423 ex

198 458 403 505 superiore
425 455 572 492 circulo
594 460 716 505 atque
739 454 889 492 ardoris
912 467 962 492 ex
982 454 1162 492 subiecto
1183 467 1255 504 per
1275 453 1380 492 hunc

199 523 362 561 modum
409 530 564 574 egerat,
610 523 781 573 ideoque
828 523 981 561 dictum
1029 523 1165 561 Iovem
1211 522 1380 560 fulmina

198 593 372 630 iaculari.
426 605 523 643 ergo
538 598 584 630 ut
600 606 622 630 e
637 592 834 642 flagrante
848 592 956 643 ligno
971 592 1090 629 carbo
1105 606 1195 629 cum
1209 595 1380 642 crepitu,

198 664 254 698 sic
275 674 298 698 a
318 661 450 699 sidere
470 661 655 698 caelestis
676 664 778 712 ignis
801 664 1007 711 exspuitur
1027 664 1227 711 praescita
1246 674 1381 698 secum

200 729 402 775 adferens,
433 743 485 767 ne
517 730 704 767 abdicata
737 730 899 780 quidem
930 733 989 767 sui
1021 736 1138 780 parte
1169 733 1211 767 in
1241 729 1380 768 divinis

197 805 381 836 cessante
407 800 606 849 operibus.
661 799 781 849 idque
807 801 982 836 maxime
1007 799 1171 836 turbato
1198 799 1243 837 fit
1269 812 1382 837 aeres

199 871 292 918 quia
317 868 509 906 collectus
536 881 651 905 umor
677 867 965 905 abundantiam
989 868 1170 906 stimulat
1194 874 1265 906 aut
1290 871 1383 919 quia

198 937 386 974 turbatur
404 937 577 987 quodam
595 950 669 974 ceu
687 937 841 987 gravidi
859 936 998 974 sideris
1016 942 1147 987 partu.

248 1006 358 1043 XIX.
415 1006 633 1044 Intervalla
666 1019 826 1056 quoque
859 1006 1035 1043 siderum
1069 1020 1092 1043 a
1124 1012 1236 1044 terra
1267 1007 1383 1045 multi

199 1074 390 1125 indagare
408 1081 677 1125 temptarunt,
697 1080 739 1113 et
757 1075 884 1112 solem
903 1076 1044 1113 abesse
1064 1088 1088 1112 a
1106 1075 1202 1112 luna
1220 1076 1382 1114 undevi-

197 1146 300 1195 ginti
311 1150 447 1195 partes
462 1150 652 1194 quantam
665 1144 800 1181 lunam
810 1147 937 1194 ipsam
950 1158 973 1181 a
985 1151 1096 1182 terra
1107 1145 1382 1195 prodiderunt.

200 1212 449 1264 Pythagoras
470 1227 580 1258 vero,
599 1216 658 1250 vir
677 1216 829 1264 sagacis
851 1216 985 1258 animi,
1005 1227 1028 1250 a
1047 1219 1159 1251 terra
1178 1214 1230 1252 ad
1248 1214 1383 1252 lunam

201 1282 368 1319 CXXVI
396 1283 505 1319 milia
532 1282 753 1320 stadiorum
783 1296 869 1320 esse
897 1283 1074 1334 collegit,
1102 1283 1153 1321 ad
1179 1284 1304 1321 solem
1332 1285 1382 1321 ab

199 1365 248 1389 ea
273 1352 454 1402 duplum,
480 1352 573 1389 inde
600 1352 653 1389 ad
678 1352 890 1389 duodecim
916 1355 1030 1403 signa
1054 1353 1317 1403 triplicatum,
1342 1356 1383 1390 in

199 1434 279 1471 qua
296 1424 498 1458 sententia
518 1427 560 1458 et
579 1421 717 1458 Gallus
738 1421 931 1471 Sulpicius
951 1421 1027 1459 fuit
1045 1428 1195 1459 noster.

251 1490 340 1527 XX.
394 1489 474 1527 Sed
494 1489 745 1541 Pythagoras
766 1490 969 1528 interdum
990 1504 1040 1528 ex
1059 1494 1210 1528 musica
1227 1494 1383 1529 ratione

199 1559 378 1609 appellat
396 1564 537 1596 tonum
558 1565 753 1609 quantum
774 1560 877 1596 absit
897 1573 921 1596 a
939 1566 1052 1597 terra
1070 1560 1177 1605 luna,
1194 1561 1244 1598 ab
1265 1574 1313 1598 ea
1332 1561 1383 1599 ad

200 1627 448 1665 Mercurium
462 1628 672 1666 dimidium
687 1631 770 1666 eius
785 1632 917 1679 spatii,
932 1635 974 1666 et
989 1629 1040 1665 ab
1056 1642 1103 1666 eo
1118 1629 1169 1667 ad
1183 1629 1380 1668 Venerem

200 1697 455 1741 tantundem,
487 1711 510 1734 a
543 1711 621 1748 qua
653 1697 704 1735 ad
734 1698 860 1735 solem
891 1698 1133 1748 sescuplum,
1163 1711 1188 1735 a
1217 1699 1301 1736 sole
1332 1699 1383 1737 ad

202 1765 381 1804 Martem
400 1772 555 1811 tonum,
574 1766 614 1804 id
642 1772 704 1804 est
731 1773 926 1817 quantum
953 1768 1005 1805 ad
1030 1767 1166 1805 lunam
1192 1781 1216 1805 a
1240 1768 1383 1813 terra,2

504 1847 518 1867 ¹
542 1847 717 1887 Mayhoff:
745 1847 834 1879 codd.
849 1848 888 1884 is,
903 1847 965 1884 his,
980 1848 1080 1879 extis.

501 1890 514 1909 ²
538 1889 587 1930 [id
603 1894 655 1921 est
678 1913 686 1921 .
712 1913 720 1921 .
745 1913 753 1921 .
771 1891 902 1930 terra]?
920 1890 1086 1932 Mayhoff.

459 2003 475 2019 ⁸
496 1999 528 2031 A
545 1999 644 2032 stade
661 1999 806 2042 roughly
824 2000 941 2042 equals
960 2011 981 2032 a
998 2000 1143 2043 fui-long.

204 2052 276 2088 226
