1471 2326
118 801 162 832 60

121 1184 161 1215 61

386 119 553 157 PLINY
567 132 576 157 ε
626 119 890 157 NATURAL
925 118 1162 157 HISTORY

182 236 277 259 vero
316 219 370 258 al
413 223 613 258 matutino
657 220 910 258 discedentes
938 220 1117 271 partibus
1146 234 1362 271 numquam

183 286 352 335 amplius
379 285 559 322 undenis.
613 290 755 334 postea
775 297 798 321 a
813 284 828 307 ²
852 284 1054 321 radiorum
1075 287 1158 321 eius
1177 291 1364 322 contactu

181 348 497 399 regrediuntur‚³
534 354 577 385 et
612 350 653 384 in
688 351 890 398 triquetro
926 360 950 384 a
985 348 1164 398 partibus
1202 353 1364 385 centum

184 416 324 463 viginti
351 415 546 449 stationes
573 415 792 449 matutinas
819 411 985 456 faciunt,
1013 424 1115 461 quae
1143 417 1185 448 et
1210 414 1365 461 primae

184 482 390 520 vocantur,
414 489 507 512 mox
531 478 571 512 in
586 476 603 499 4
627 475 794 512 adverso
820 488 843 511 a
866 475 1047 525 partibus
1072 481 1234 512 centum
1258 480 1366 511 octo-

183 543 299 590 ginta
341 545 505 577 exortus
548 543 812 589 vespertinos,
854 542 1081 589 iterumque
1122 541 1164 575 in
1204 544 1365 575 centum

185 606 325 654 viginti
370 604 421 640 ab
466 603 544 640 alio
587 603 717 640 latere
762 606 1128 652 appropinquantes
1173 604 1367 639 stationes

186 670 434 717 vespertinas
455 680 551 717 quas
571 673 613 704 et
630 667 824 703 secundas
843 672 1000 710 vocant,
1018 666 1145 703 donec
1164 672 1368 702 assecutus

186 731 245 768 sol
266 735 306 767 in
327 731 507 781 partibus
530 730 722 767 duodenis
745 730 921 767 occultet
941 730 1043 773 illas,
1065 732 1131 779 qui
1153 731 1369 779 vespertini

187 808 346 832 occasus
371 795 636 844 appellantur.
695 794 838 831 Martis
857 794 975 830 stella
999 799 1042 830 ut
1064 795 1225 842 propior
1248 796 1370 829 etiam

187 873 235 896 ex
255 859 452 908 quadrato
469 861 594 895 sentit
611 858 757 902 radios,
775 871 798 894 a
815 860 1035 907 nonaginta
1051 857 1246 906 partibuS‚
1264 856 1370 893 unde

188 929 230 960 et
258 935 404 959 nomen
433 925 588 971 accepit
616 928 748 958 motus
777 924 927 970 primus
956 926 999 958 et
1025 920 1221 957 secundus
1250 933 1371 957 nona-

187 989 372 1037 genarius
403 986 533 1023 dictus
564 986 614 1022 ab
644 991 818 1035 utroque
850 990 1005 1021 exortu.
1061 984 1203 1021 eadem
1231 986 1371 1021 statio-

189 1051 289 1087 nalis
322 1053 426 1086 senis
460 1050 662 1086 mensibus
696 1054 952 1085 conmoratur
984 1050 1025 1084 in
1057 1050 1193 1098 signis,
1225 1047 1371 1097 alioqui

189 1115 406 1157 bimestris,
435 1127 526 1150 cum
556 1119 718 1150 ceterae
749 1118 920 1162 utraque
951 1114 1125 1149 statione
1157 1117 1372 1161 quaternos

190 1191 346 1215 menses
407 1190 487 1213 non
547 1177 738 1226 inpleant.
803 1175 1009 1212 inferiores
1070 1182 1207 1213 autern
1268 1176 1372 1213 duae

188 1242 440 1279 occultantur
460 1243 500 1276 in
521 1243 628 1277 coitu
650 1242 878 1289 vespertino
899 1239 1016 1276 simili
1038 1239 1170 1284 modo,
1190 1239 1372 1276 relictae-

190 1319 268 1356 que
310 1319 333 1341 a
373 1305 456 1341 sole
497 1304 668 1341 totidem
711 1308 751 1340 in
792 1304 972 1354 partibus
1016 1303 1167 1340 faciunt
1209 1309 1373 1341 exortus

192 1372 426 1412 matutinos,
448 1374 571 1418 atque
594 1381 617 1404 a
637 1367 877 1417 longissimis
901 1367 1116 1403 distantiae
1138 1379 1233 1403 suae
1255 1369 1374 1403 metis

192 1434 317 1471 solem
373 1435 618 1475 insecuntur,
672 1431 925 1480 adeptaeque
979 1443 1120 1467 occasu
1174 1432 1374 1467 matutino

190 1497 415 1535 conduntur
448 1509 492 1532 ac
525 1500 799 1545 praetereunt.
863 1508 956 1531 mox
994 1493 1136 1531 eodem
1168 1493 1377 1530 intervallo

192 1574 360 1610 vespere
383 1563 617 1597 exoriuntur
638 1572 763 1608 usque
786 1558 837 1595 ad
858 1571 955 1608 quos
976 1558 1147 1595 diximus
1169 1560 1373 1594 terminos.

193 1626 243 1662 ab
262 1625 322 1661 his
341 1623 691 1674 retrogradiuntur
711 1622 762 1659 ad
780 1622 906 1658 solem
926 1627 968 1658 et
987 1634 1128 1658 occasu
1147 1623 1376 1670 vespertino

193 1689 448 1726 delitescunt.
503 1687 670 1724 Veneris
689 1686 809 1723 stella
835 1691 877 1723 et
900 1687 1094 1722 stationes
1115 1684 1226 1727 duas,
1247 1691 1376 1722 matu-

193 1755 319 1791 tinam
354 1753 719 1801 vespertinamque,
752 1750 802 1786 ab
836 1755 1009 1799 utroque
1043 1754 1185 1786 exortu
1221 1748 1318 1787 facit
1351 1761 1375 1786 a.

467 1840 479 1859 ¹
503 1850 523 1870 a
539 1838 613 1869 add.
632 1838 810 1869 Racleham.

466 1883 478 1901 ²
502 1893 522 1912 a
536 1881 610 1912 add.
626 1881 805 1912 Racklzam.

466 1924 478 1941 ³
505 1924 629 1955 Broticr
644 1936 650 1954 :
681 1926 844 1963 reguntur
858 1925 916 1953 aut
930 1925 1104 1963 teguntur.

466 1968 479 1986 ⁴
502 1969 537 1999 in
552 1966 603 1998 v.l.
617 1977 671 1998 om
685 1979 693 1998 2
720 1968 786 1998 ex?
803 1965 983 1999 Rackham.

201 2030 271 2067 208
