1471 2326
374 140 503 178 PLIN
505 141 542 178 Y
556 154 565 178 :
614 141 879 179 NATURAL
913 142 974 179 HI
980 141 1153 180 STORY

176 243 249 281 sed
273 243 386 287 lueri,
412 256 493 280 non
517 245 723 287 scientiae,
749 246 903 294 gratia;
946 256 1020 280 nee
1046 249 1210 293 reputat
1237 257 1356 281 caeca

176 331 289 355 mens
316 324 358 355 et
382 323 543 355 tantum
569 321 761 355 avaritiae
787 321 945 355 intenta
969 318 1010 355 id
1034 321 1163 367 ipsum
1187 322 1354 356 scientia

177 405 292 442 posse
330 395 456 429 tutius
495 392 593 429 fieri.
648 398 894 442 quapropter
930 392 1194 442 scrupulosius
1234 406 1354 443 quam

177 469 362 504 instituto
393 466 572 504 fortassis
604 470 814 504 conveniat
846 470 957 517 operi
987 468 1170 504 tractabo
1201 474 1356 512 ventos,

175 547 239 578 tot
258 542 368 578 milia
386 545 660 592 navigantium
679 555 858 578 cernens.

94 621 156 653 119
229 616 373 653 XLVI.
401 616 570 653 Veteres
608 622 799 666 quattuor
835 620 994 654 omnino
1030 630 1239 654 servavere
1284 631 1356 667 per

176 691 349 728 totidem
370 690 523 728 'mundi
559 697 694 740 partes
732 691 838 740 (ideo
875 705 949 728 nec
985 692 1184 728 Homerus
1221 692 1355 741 plures

176 766 371 814 nominat)
408 765 562 810 hebeti,
597 772 642 803 ut
678 780 771 802 mox
808 766 1027 803 iudicatum
1065 773 1141 810 est,
1175 769 1355 810 ratione3

176 846 315 877 secuta
335 846 445 877 aetas
466 846 556 877 octo
577 840 731 877 addidit
751 843 866 876 nimis
887 841 1023 877 subtili
1044 846 1166 890 atque
1185 844 1354 878 concisa.

177 918 368 965 proximis
397 918 502 952 inter
531 921 744 965 utramque
773 915 905 952 media
933 915 1084 965 placuit
1113 915 1163 952 ad
1191 915 1355 953 brevem

179 1003 228 1027 ex
267 1003 480 1027 numerosa
512 989 657 1027 addjtis
692 996 894 1039 quattuor.
948 996 1041 1027 sunt
1074 1003 1170 1040 ergo
1201 991 1283 1027 bini
1315 993 1356 1027 in

179 1071 370 1115 quattuor
406 1065 507 1101 caeli
541 1065 744 1114 partibus:
798 1065 848 1101 ab
884 1067 1040 1102 oriente
1077 1065 1356 1115 aequinoctiali

178 1141 434 1186 subsolanus,
474 1143 524 1179 ab
565 1145 719 1179 oriente
760 1142 930 1179 brumali
972 1142 1187 1179 Volturnus
1229 1142 1356 1192 (illum

178 1220 409 1269 Apelioten‚
426 1219 530 1256 hunc
549 1220 692 1256 Graeci
706 1220 858 1256 Eurum
877 1219 1121 1269 appellant);
1150 1233 1173 1256 a
1190 1220 1357 1257 meridie

177 1298 329 1336 Auster
353 1303 394 1334 et
419 1297 469 1334 ab
494 1310 634 1334 occasu
648 1297 818 1334 brumali
838 1296 994 1334 Africus
1011 1297 1177 1346 (Notum
1199 1303 1239 1334 et
1257 1298 1356 1335 Liba

179 1375 425 1424 nominant);
478 1375 528 1411 ab
565 1388 706 1411 occasu
743 1374 1023 1424 aequinoctiali
1061 1375 1269 1418 Favonius,
1305 1376 1356 1412 ab

179 1466 320 1490 occasu
356 1452 554 1489 solstitiali
597 1452 720 1489 Corus
771 1451 1014 1502 (Zephyrum
1064 1458 1106 1489 et
1156 1453 1357 1502 Argesten

180 1530 362 1579 vocant);
397 1542 420 1566 a
438 1530 777 1579 septentrionibus
797 1528 1041 1579 Septentrio,
1059 1532 1244 1579 interque
1265 1543 1356 1567 eum

180 1614 222 1645 et
246 1613 431 1644 exortum
453 1607 703 1644 solstitialem
727 1607 873 1656 Aquilo
897 1607 1121 1656 (Aparctias
1146 1613 1188 1644 et
1210 1607 1356 1644 Boreas

95 1690 158 1722 120
182 1685 306 1734 dicti).
361 1687 608 1722 numerosior
638 1687 740 1721 ratio
774 1690 964 1734 quattuor
995 1683 1054 1720 his
1088 1686 1357 1729 interiecerat,

179 1762 395 1800 Thraseian
432 1762 565 1798 media
603 1764 767 1812 regione
805 1764 911 1798 inter
949 1761 1274 1811 Septentrionem
1315 1768 1356 1799 et

179 1853 362 1878 occasum
391 1839 657 1883 solstitialem,
686 1842 864 1888 itemque
893 1838 1065 1876 Caecian
1091 1838 1225 1875 media
1251 1842 1357 1876 inter

179 1917 421 1967 Aquilonem
469 1923 511 1954 et
558 1922 743 1953 exortum
791 1916 1122 1966 aequinoctialem
1169 1916 1219 1952 ab
1265 1922 1355 1953 ortu

179 1995 393 2039 solstitiali,
440 1994 638 2031 Phoenica
684 1993 817 2031 media
861 1997 1025 2045 regione
1071 1997 1177 2031 inter
1222 2000 1354 2031 ortum

175 2060 247 2095 260
