1471 2326
575 553 778 599 LIBER
829 552 875 599 11

185 666 216 704 1.
272 667 463 705 Mmsmm
505 673 546 704 et
584 664 993 717 hoc—quocumque1
1033 668 1193 703 nomine
1241 665 1316 703 alio

132 729 287 765 caelum
308 729 508 779 appellare
535 729 652 765 libuit
677 731 786 765 cuius
812 727 1068 765 circumflexu
1094 727 1317 778 teguntur²

132 796 290 834 cuncta,
313 803 461 826 numen
485 803 571 826 esse
594 789 701 826 credi
724 803 795 839 par
818 795 894 833 est,
918 794 1141 833 aeternum,
1164 791 1316 825 inmen-

133 864 234 894 sum,
268 864 399 900 neque
435 853 618 901 genitum
653 863 784 900 neque
819 852 1077 886 interiturum
1111 863 1315 899 umquam.

134 910 248 948 huius
292 917 432 948 extera
464 911 654 961 indagare
688 924 761 947 nec
794 913 964 947 interest
996 910 1202 947 hominum
1243 923 1318 947 nec

91 975 237 1022 2capit
272 972 470 1009 humanae
513 974 743 1008 coniectura
776 974 934 1008 mentis.
996 984 1108 1008 sacer
1141 977 1216 1016 est,
1251 984 1315 1008 ae-

132 1038 283 1077 ternus,
319 1036 536 1078 inmensus,
572 1039 680 1069 totus
717 1035 758 1068 in
797 1039 898 1077 toto,
935 1035 1056 1069 immo
1093 1045 1185 1069 vero
1231 1035 1316 1082 ipse

131 1099 277 1138 totum,
319 1094 452 1131 finitus
496 1100 537 1131 et
580 1094 734 1130 infinito
778 1094 928 1138 similis,
967 1096 1144 1130 omnium
1183 1106 1316 1130 rerum

131 1161 263 1192 certus
283 1161 324 1192 et
343 1155 478 1192 similis
497 1158 663 1199 incerto,
683 1161 798 1191 extra
816 1157 922 1191 intra
939 1160 1083 1191 cuncta
1101 1154 1316 1204 conplexus

131 1218 172 1252 in
202 1229 257 1260 se,
288 1216 475 1266 idemque
506 1229 638 1252 rerum
668 1221 836 1252 naturae
867 1229 965 1266 opus
997 1221 1039 1252 et
1070 1228 1201 1252 rerum
1232 1218 1316 1265 ipsa

131 1283 285 1314 natura.

91 1342 111 1374 3
182 1338 304 1375 Furor
327 1344 387 1375 est
409 1352 636 1375 mensuram
665 1341 748 1375 eius
774 1341 904 1374 animo
928 1337 1119 1388 quosdam
1143 1340 1316 1388 agitasse

131 1405 254 1449 atque
292 1400 460 1450 prodere
501 1413 628 1443 ausos,
668 1399 763 1436 alios
802 1413 935 1436 rursus
975 1401 1183 1436 occasione
1222 1398 1313 1435 hinc

132 1467 292 1510 sumpta
323 1467 391 1497 aut
421 1462 471 1497 ab
489 1462 504 1484 3
544 1460 603 1497 his
634 1460 729 1497 data
767 1460 1076 1497 innumerabiles
1105 1459 1316 1497 tradidisse

131 1522 312 1565 mundos,
340 1528 384 1558 ut
410 1522 582 1558 totidem
608 1535 740 1558 rerum
767 1527 930 1558 naturas
958 1521 1065 1558 credi
1094 1527 1314 1571 oporteret,

131 1588 214 1626 aut,
245 1586 275 1619 si
307 1597 385 1619 una
416 1596 552 1619 omnes
582 1584 804 1626 incubaret,
835 1582 1009 1619 totidem
1039 1588 1181 1619 tamen
1212 1582 1314 1619 soles

130 1643 382 1694 totidemque
403 1644 515 1680 lunas
532 1650 573 1681 et
594 1649 730 1680 cetera
745 1649 791 1680 ut
811 1646 891 1680 iam
910 1646 951 1680 in
966 1657 1043 1680 uno
1061 1649 1107 1680 ct
1127 1645 1311 1679 inmensa

131 1710 174 1741 et
194 1705 497 1742 innumerabilia
518 1705 661 1748 sidera,
678 1707 790 1754 quasi
811 1717 890 1741 non
912 1704 1054 1741 eadem
1076 1706 1314 1754 quaestione

359 1782 370 1802 ¹
394 1781 563 1814 Rackham
578 1794 585 1812 :
617 1782 844 1822 quodeunque
859 1786 918 1813 aut
937 1781 1026 1822 quod
1044 1781 1131 1812 codd.

356 1825 368 1843 ²
399 1825 450 1856 v.l.
468 1824 599 1865 degunt
616 1827 638 1863 (⁶
651 1836 689 1864 90
706 1835 749 1856 on
761 1825 794 1864 ').

358 1867 370 1886 ³
394 1868 438 1898 ab
454 1867 528 1898 add.
546 1867 723 1898 Rackh'zm.

221 1966 236 1980 ⁰
258 1961 328 1992 The
345 1961 588 2001 Pythagorean
605 1960 672 1991 and
689 1960 783 1992 Stoic
800 1961 907 1991 ereed.

220 2002 232 2022 ὁ
256 2004 285 2034 Α
303 2005 436 2035 variant
450 2005 544 2045 gives
560 2003 568 2016 ‘
583 2003 714 2034 infinite
730 2003 798 2034 and
814 2003 1015 2044 resembling
1031 2003 1089 2034 the
1105 2002 1222 2034 finite)

135 2075 204 2111 170
