1471 2326
119 389 158 419 10

120 707 155 736 11

122 1213 161 1244 12

123 1531 162 1563 13

123 1785 162 1816 14

381 154 548 191 PLINY
565 167 574 192 :
622 153 888 190 NATURAL
926 152 1164 190 HISTORY

183 270 382 294 summum
411 263 517 293 esset
545 256 849 305 profitebantur.
906 255 998 291 inde
1027 255 1093 291 illa
1121 255 1262 292 nobilis
1304 255 1360 292 M.

184 321 382 357 Ciceronis
426 322 660 369 suspiratio:
719 318 726 330 ‘
747 318 783 356 O
827 324 869 355 te
913 318 1085 362 felicem,
1132 318 1190 355 M.
1237 317 1363 363 Porci,

185 397 208 420 a
245 397 323 433 quo
361 397 446 420 rem
480 384 687 432 inprobam
722 388 861 432 petere
901 395 1018 418 nemo
1058 382 1201 419 audet!
1222 381 1230 394 '
1273 395 1363 418 cum

184 448 363 484 tribunos
394 447 616 496 appellaret
648 446 691 482 L.
724 445 854 495 Scipio
884 445 1100 489 Asiaticus,
1130 448 1235 481 inter
1266 459 1363 495 quos

184 516 272 548 erat
302 510 519 554 Gracchus,
549 509 622 546 1100
653 510 934 546 adtestabatur
964 509 1025 545 vel
1056 511 1215 545 inimico
1245 509 1363 545 iudici

184 587 226 611 se
261 575 418 624 probari
454 586 592 623 posse:
642 573 743 610 adeo
778 586 978 609 summum
1014 575 1182 622 quisque
1218 585 1363 609 causae

184 650 279 675 suae
311 637 483 673 iudicem
515 636 612 673 facit
644 649 938 686 quemcumque
971 636 1244 686 eligit-—unde
1277 649 1364 685 pro-

185 703 339 737 vocatio
355 700 592 750 appellatur.
634 706 676 737 te
692 700 855 749 quidem
870 702 909 735 in
927 699 1193 736 excelsissimo
1208 702 1365 750 generis

185 764 347 801 humani
371 764 530 813 fastigio
553 766 742 813 positum,
765 777 921 800 summa
944 763 1188 813 eloquentia,
1211 777 1365 800 summa

185 828 409 865 eruditione
435 828 678 877 praeditum,
701 828 883 877 religiose
911 827 1010 863 adiri
1040 830 1163 864 etiam
1193 840 1216 863 a
1244 827 1363 864 salut-

186 892 345 928 antibus
376 894 470 935 scio,
498 897 541 928 et
568 891 658 928 ideo
687 890 845 934 curari,1
875 896 919 927 ut
947 904 1050 940 quae
1080 891 1153 927 tibi
1181 890 1366 927 dicantur

186 958 245 992 tui
275 955 396 1004 digna
426 957 516 991 sint.
574 968 711 991 verum
742 954 801 991 dis
832 954 935 991 lacte
966 957 1102 990 rustici
1132 954 1365 1004 multaeque

185 1024 329 1068 gentes
354 1024 395 1055 et
419 1018 524 1054 mola
546 1023 707 1055 tantum
731 1018 833 1054 salsa
861 1018 980 1054 litant
1009 1020 1075 1068 qui
1106 1031 1185 1054 non
1213 1017 1366 1054 habent

186 1088 290 1125 tura,
323 1095 395 1118 nec
427 1082 495 1118 ulli
527 1081 604 1118 fuit
636 1084 731 1118 vitio
764 1082 859 1118 deos
892 1081 1021 1118 colere
1055 1094 1214 1131 quoquo
1247 1081 1365 1118 modo

186 1151 332 1196 posset.

240 1209 361 1246 Meae
379 1209 541 1258 quidem
558 1211 780 1246 temeritati
797 1211 964 1246 accessit
980 1208 1053 1246 hoc
1071 1222 1243 1259 quoque,
1261 1208 1367 1259 quod

189 1272 342 1309 levioris
370 1286 516 1322 operae
546 1272 615 1309 hos
644 1274 716 1309 tibi
747 1272 926 1309 dedicavi
956 1272 1130 1309 libellos:
1174 1286 1265 1308 nam
1295 1286 1368 1309 nec

187 1338 336 1386 ingenii
358 1342 451 1373 sunt
472 1349 654 1386 capaces,
677 1336 784 1386 quod
806 1336 951 1385 alioqui
974 1338 1013 1372 in
1036 1337 1149 1372 nobis
1170 1349 1364 1386 perquam

187 1399 385 1436 mediocre
399 1405 500 1444 erat,
511 1413 642 1449 neque
655 1399 876 1436 admittunt
889 1413 1074 1436 excessus
1087 1405 1156 1436 aut
1168 1402 1368 1437 orationes

187 1476 440 1500 sermonesve
469 1469 540 1500 aut
567 1476 681 1500 casus
709 1463 909 1500 mirabiles
939 1463 1001 1499 vel
1030 1469 1198 1500 eventus
1227 1466 1368 1508 varios,

188 1527 360 1563 iucunda
374 1526 485 1563 dictu
499 1533 569 1563 aut
583 1526 811 1576 legentibus
825 1526 984 1563 blanda.
1026 1527 1171 1563 sterilis
1184 1529 1369 1571 materia,

188 1604 320 1626 rerum
346 1596 503 1634 natura,
528 1589 601 1627 hoc
627 1596 688 1627 est
713 1593 809 1634 vita,
834 1596 1031 1634 narratur,
1057 1596 1099 1627 et
1123 1589 1222 1627 haec
1246 1590 1369 1627 sordi-

188 1654 349 1691 dissima
373 1655 431 1690 sui
456 1660 585 1703 parte,
609 1667 655 1690 30
678 1653 937 1703 plurimarum
961 1667 1093 1690 rerum
1118 1660 1188 1690 aut
1212 1657 1368 1691 rusticis

189 1717 388 1754 vocabulis
420 1723 491 1754 aut
523 1720 713 1761 externis,
744 1719 866 1754 immo
899 1718 1090 1761 barbaris,
1122 1719 1246 1754 etiam
1277 1731 1366 1754 cum

188 1780 346 1817 honoris
384 1780 633 1830 praefatione
672 1781 877 1830 ponendis.
943 1787 1154 1830 praeterea
1191 1783 1268 1818 iter
1306 1787 1368 1818 est

188 1857 266 1880 non
290 1846 387 1880 trita
409 1845 637 1880 auctoribus
662 1846 723 1880 via
746 1857 819 1880 nee
842 1857 921 1894 qua
944 1846 1189 1894 peregrinari
1213 1847 1367 1881 animus

189 1913 378 1958 expetat:
431 1921 548 1944 nemo
588 1908 694 1957 apud
739 1921 807 1944 nos
851 1910 916 1957 qui
960 1908 1066 1944 idem
1106 1911 1367 1958 temptaverit

391 1991 404 2011 ¹
429 1993 537 2022 curari
558 1992 725 2024 flach-ham
741 2004 747 2021 :
781 1993 897 2022 curavi
914 1996 971 2023 auc
990 2002 1069 2023 cura
1088 1991 1177 2022 codd.

188 2050 211 2086 8
