1471 2326
354 133 521 171 PLINY
535 147 544 171 ε
594 132 859 170 NATURAL
894 131 1131 170 HISTORY

148 235 240 272 lana
275 235 389 272 XXV
427 241 468 271 et
504 237 638 284 priore
675 234 777 270 libro
812 233 1024 270 XXXV:
1045 233 1129 270 LX.
1183 245 1331 283 oesypo

148 288 225 325 XX
249 294 290 325 et
312 291 444 337 priore
465 287 566 323 libro
588 287 746 323 XXXII
765 305 807 318 =
830 286 921 329 LII,
941 286 1057 322 mulis
1080 286 1114 322 V
1137 292 1178 322 et
1200 290 1331 335 priore

147 341 248 378 libro
280 341 357 377 I=
379 341 449 383 VI,
477 340 638 377 caballis
670 339 731 376 III
762 345 804 376 et
832 342 965 388 priore
992 339 1092 375 libro
1124 339 1201 374 I=
1222 339 1244 360 ’χ
1264 338 1333 382 IV,

149 407 248 430 cane
294 393 388 430 XLI
436 399 477 430 et
522 396 655 442 priore
699 392 800 428 libro
845 392 939 428 XVI
958 410 999 423 =
1021 392 1043 413 '³‘
1063 391 1191 435 LVII,
1234 404 1333 428 cane

149 447 306 483 rabioso
325 446 364 483 II
385 452 425 483 et
443 449 575 495 priore
595 445 656 481 III
675 464 717 477 =
738 445 786 488 V,
804 448 958 481 viverra
976 444 1009 488 Ι,
1025 458 1138 481 mure
1155 444 1331 481 XXVIII

151 505 193 536 et
235 502 366 548 priore
405 499 506 535 libro
545 499 640 535 XIV
658 517 701 529 =
723 497 853 541 LXII,
892 511 1005 534 mure
1045 510 1191 533 araneo
1232 497 1250 533 I
1292 503 1333 533 et

149 555 282 601 priore
310 552 410 588 libro
442 551 496 588 IV
513 570 555 583 =
576 551 624 594 V,
652 551 753 601 glire
783 551 838 587 VI
870 556 912 587 et
939 553 1071 599 priore
1098 550 1198 586 libro
1229 549 1269 585 II
1287 568 1329 582 =

150 604 266 648 VIII,
285 608 411 641 sorice
434 605 473 640 II
496 610 537 641 et
557 607 690 653 priore
708 604 810 640 libro
832 603 850 639 Ι
868 622 910 635 =
932 603 1009 646 III,
1028 603 1201 640 mustela
1220 602 1333 639 XXV

152 664 193 694 et
245 661 376 707 priore
426 658 526 694 libro
576 657 675 694 XIX
693 675 734 688 =
754 656 901 700 XLIV,
945 656 1130 693 stellione
1169 655 1250 692 XII
1292 661 1333 692 et

149 713 283 760 priore
323 710 423 747 libro
466 710 521 746 IV
538 728 580 742 =
601 709 710 753 XVI,
752 713 934 746 erinaceo
974 708 1077 745 XIII
1122 715 1164 745 et
1204 711 1334 758 priore

150 763 252 800 libro
271 763 306 799 V
323 782 365 795 =
386 763 540 807 XVIII,
559 762 735 812 hystrice
757 762 797 799 II
819 769 860 799 et
880 764 1014 811 priore
1034 762 1136 798 libro
1158 761 1175 797 Ι
1193 780 1235 793 =
1258 761 1334 805 III,

150 815 302 852 lacerta
336 816 451 852 XXX
488 822 529 853 et
563 819 696 865 priore
730 815 830 852 libro
864 814 1028 851 XIII=
1048 814 1202 858 XLIII,
1236 814 1334 850 sala-

151 869 319 905 mandra
352 869 414 905 III
449 875 490 906 et
521 872 655 918 priore
685 868 786 904 libro
814 868 892 904 I=
915 867 983 911 IV,
1008 867 1143 904 coclea
1167 867 1266 903 XIX
1293 872 1334 904 et

149 925 282 971 priore
301 922 402 958 libro
422 921 577 958 XXVII
592 940 634 953 =
651 921 782 957 XLVI
804 921 903 970 (xliii
919 926 1112 970 ageraton
1126 918 1143 944 1
1162 920 1333 957 medica-

151 976 366 1025 mentum),
386 975 521 1023 aspide
547 974 609 1011 III
636 980 677 1011 et
699 977 831 1023 priore
849 974 950 1010 libro
975 974 992 1010 I
1011 992 1053 1005 =
1076 972 1144 1017 IV,
1163 973 1335 1010 dracone

152 1026 209 1063 VI
243 1033 285 1064 et
316 1030 448 1076 priore
480 1027 580 1063 libro
614 1027 728 1063 IV=
748 1027 800 1071 X,
832 1030 968 1075 vipera
998 1026 1095 1063 XXI
1130 1032 1171 1063 et
1203 1029 1335 1075 priore

150 1080 252 1117 libro
281 1080 378 1116 XIV
395 1099 437 1112 =
457 1080 623 1123 XXXV,
652 1093 783 1129 angue
812 1079 967 1116 XXVII
999 1085 1041 1116 et
1069 1081 1204 1128 priore
1231 1079 1334 1115 libro

152 1132 253 1169 VIII
272 1151 314 1165 =
334 1133 500 1177 XXXV,
527 1134 629 1169 bova
658 1133 719 1169 III
750 1138 791 1169 e’c
817 1135 951 1182 priore
978 1132 1078 1168 libro
1108 1131 1163 1168 IV
1179 1150 1222 1163 =
1241 1131 1335 1175 VII,

154 1185 375 1236 enhydride
408 1186 447 1222 II
480 1192 522 1223 et
550 1189 682 1235 priore
711 1186 811 1222 libro
843 1185 861 1222 I
879 1204 921 1217 =
944 1185 1021 1229 III,
1050 1184 1335 1234 amphisbaena

154 1238 232 1282 III,
245 1239 497 1288 serpentibus
511 1242 655 1275 ceteris
669 1239 747 1275 VII
763 1244 804 1275 et
817 1241 951 1287 priore
964 1238 1067 1274 libro
1080 1237 1180 1274 VIII
1199 1256 1241 1269 =
1262 1237 1335 1274 XV

150 1295 358 1341 scorpione
397 1292 436 1328 II
475 1298 517 1328 et
553 1294 685 1341 priore
721 1292 821 1328 libro
860 1291 973 1327 IV=
994 1291 1064 1334 VI,
1100 1303 1334 1327 araneorum

154 1351 196 1381 et
217 1344 520 1394 phalangiorum
541 1357 691 1394 genera
712 1344 735 1366 ’ἓ
752 1344 848 1388 XII,
868 1344 1090 1381 medicinae
1111 1343 1265 1380 XXVII
1288 1350 1330 1380 et

152 1401 286 1447 priore
299 1398 399 1434 libro
415 1397 472 1434 IX
490 1416 531 1429 =
552 1397 739 1441 XXXVI,
752 1397 951 1434 'croxalide
968 1397 1044 1440 III,
1058 1396 1332 1446 phryganione

153 1449 188 1494 I,
226 1450 489 1500 scolopendra
524 1453 606 1487 sive
642 1450 865 1500 multipeda
892 1453 974 1486 sive
1002 1449 1218 1499 millepeda
1252 1452 1334 1486 sive

152 1504 367 1553 centipeda
396 1507 477 1540 sive
508 1506 641 1540 onisco
671 1506 753 1540 sive
782 1503 864 1539 iulo
894 1503 970 1539 XX
1002 1509 1044 1540 et
1072 1506 1206 1552 priore
1235 1502 1335 1539 libro

155 1556 173 1593 I
193 1575 234 1588 =
254 1557 367 1600 XXI,
382 1556 608 1605 (admiratio
622 1563 790 1593 naturae
805 1556 899 1592 nihil
914 1559 998 1592 sine
1015 1569 1088 1592 usu
1102 1555 1334 1605 gignentis),

151 1609 293 1646 limace
318 1610 379 1646 III
404 1616 445 1646 et
466 1612 599 1659 priore
620 1610 721 1646 libro
744 1609 762 1646 I
780 1627 823 1640 =
845 1609 914 1652 IV,
935 1622 1056 1645 uruca
1079 1609 1118 1645 II
1142 1615 1183 1645 et
1204 1611 1336 1658 priore

150 1662 252 1698 libro
292 1662 369 1698 1:
391 1662 468 1705 III,
506 1675 640 1699 verme
676 1668 839 1699 terreno
875 1661 952 1698 XX
990 1667 1032 1698 et
1067 1664 1200 1711 priore
1235 1661 1335 1698 libro

155 1714 195 1752 II
215 1733 256 1746 =
277 1715 411 1758 XXII,
441 1728 574 1752 verme
605 1728 654 1752 ex
683 1715 888 1751 arboribus
920 1714 975 1751 IV
1005 1720 1047 1751 ei:
1075 1717 1207 1763 priore
1235 1714 1335 1750 libro

155 1767 234 1805 I=
256 1768 303 1811 V,
329 1781 463 1805 verme
490 1781 539 1805 ex
564 1767 689 1804 herba
715 1768 828 1811 VIII,
853 1767 1023 1816 herpete
1050 1767 1083 1811 I,
1107 1770 1230 1803 ricino
1257 1767 1334 1811 III,

155 1834 204 1858 ex
236 1821 456 1857 volucribus
487 1821 618 1870 aquila
650 1821 711 1857 ΙΙΙ
743 1827 785 1857 et
814 1824 946 1869 priore
976 1821 1076 1856 libro
1107 1819 1222 1856 1V=
1242 1819 1335 1863 VII,

153 1874 309 1910 volture
332 1874 409 1910 VII
435 1880 475 1910 et
499 1877 631 1923 priore
652 1874 753 1910 libro
777 1873 834 1910 IX
853 1892 894 1905 =
914 1873 1024 1916 XVI,
1047 1872 1241 1922 ossifrago
1264 1873 1335 1916 VI,

152 1927 373 1976 gallinaceo
422 1927 574 1963 XXXV
625 1933 666 1963 et
716 1929 848 1975 priore
897 1926 999 1962 libro
1049 1926 1146 1962 XXI
1166 1944 1207 1957 Ξ
1230 1925 1334 1969 LVI,

153 1979 302 2029 gallina
339 1980 499 2017 *XXII
540 1985 581 2017 et
618 1982 750 2030 priore
787 1980 887 2016 libro
924 1978 1215 2023 X=XXXII‚
1253 1981 1334 2015 ovis

156 2050 225 2099 136
