1471 2326
117 715 179 747 148

117 1086 179 1118 149

393 131 561 171 PLINY
575 145 585 170 ε
634 131 900 170 NATURAL
935 131 1173 170 HISTORY

196 233 455 283 diripuissent
482 246 588 277 aves,
614 236 712 270 item
738 232 847 270 ferro
873 235 914 269 in
941 232 1109 269 Lucanis
1136 245 1239 269 anno
1265 238 1376 270 ante-

198 300 318 336 quam
336 287 393 323 M.
411 286 574 323 Crassus
590 299 614 322 a
629 285 785 323 Parthis
801 289 1066 335 interemptus
1083 291 1144 322 est
1159 299 1376 335 omnesque

196 353 287 376 cum
312 353 360 376 eo
385 339 533 376 Lucani
557 339 718 382 milites,
742 352 911 388 quorum
933 351 1100 388 magnus
1125 351 1312 375 numerus
1336 341 1377 374 in

198 395 378 430 exercitu
398 398 507 429 erat:
535 393 684 441 effigies
705 405 783 441 quo
798 392 813 414 ¹
840 391 941 440 pluit
966 391 1063 428 ferri
1082 404 1347 441 spongearum
1362 390 1378 414 ²

197 445 334 482 similis
383 445 481 489 fuit3
543 444 771 494 haruspices
819 451 1159 494 praemonuerunt
1207 457 1379 493 superna

198 498 371 535 volnera.
426 498 471 535 L.
490 504 627 534 autem
640 497 778 534 Paullo
791 497 834 534 C.
850 497 1045 534 Marcello
1061 510 1158 534 coss.
1171 497 1261 533 lana
1278 497 1379 546 pluit

198 554 303 588 circa
325 551 534 588 castellum
557 550 840 600 Compsanum,
861 553 974 587 iuxta
994 549 1100 600 quod
1121 556 1212 599 post
1232 563 1379 586 annum

198 604 242 641 T.
269 604 421 641 Annius
448 604 548 640 Milo
571 606 720 640 occisus
745 609 818 640 est.
872 603 1014 640 eodem
1037 616 1196 640 causam
1220 603 1379 640 dicente

197 657 389 694 lateribus
407 659 528 694 coctis
545 656 693 706 pluisse
710 659 750 693 in
768 661 858 693 acta
875 659 957 692 eius
976 659 1067 692 anni
1083 656 1255 692 relatum
1274 661 1347 693 est.

255 710 402 747 LVIII.
456 710 671 746 Armorum
682 712 856 758 crepitus
871 715 913 746 et
924 709 1047 746 tubae
1059 712 1210 745 sonitus
1224 708 1380 745 auditos

200 776 222 800 e
240 763 352 800 caelo
369 763 574 800 Cimbricis
590 762 706 799 bellis
724 765 960 811 accepimus,
976 762 1196 811 crebroque
1215 767 1257 798 et
1273 764 1381 810 prius

200 822 242 853 et
267 822 421 865 postea.
474 818 597 853 tertio
621 828 717 852 vero
741 815 949 851 consulatu
976 815 1081 851 Mari
1106 815 1156 850 ab
1182 815 1381 851 Amerinis

200 875 242 906 et
265 869 506 906 Tudertibus
525 874 708 918 spectata
728 881 838 904 arma
860 868 1050 904 caelestia
1069 868 1119 903 ab
1142 873 1233 904 ortu
1253 880 1382 904 occas-

199 935 306 972 uque
338 925 444 959 inter
475 935 518 958 se
547 924 836 964 concurrentia,
868 921 989 970 pulsis
1023 933 1125 970 quae
1159 921 1209 956 ab
1242 933 1382 957 occasu

201 981 330 1012 erant.
384 978 513 1024 ipsum
537 974 679 1011 ardere
703 974 859 1011 caelum
884 977 1060 1010 minume
1084 976 1228 1010 mirum
1254 978 1316 1010 est
1340 979 1382 1011 et

201 1031 357 1077 saepius
375 1031 500 1064 visum
517 1030 668 1064 maiore
685 1029 777 1075 igne
794 1027 963 1063 nubibus
981 1029 1195 1075 conreptis.

255 1081 360 1118 LIX.
389 1080 604 1117 Celebrant
628 1080 771 1117 Graeci
794 1080 1063 1129 Anaxagoran
1085 1079 1380 1116 Clazomenium

201 1134 449 1184 Olympiadis
490 1136 813 1183 septuagesimae
854 1138 1019 1169 octavae
1060 1132 1234 1169 secundo
1275 1145 1379 1168 anno

202 1187 448 1237 praedixisse
481 1187 716 1223 caelestium
748 1186 1007 1223 litterarum3
1039 1188 1206 1222 seientia
1240 1185 1382 1234 quibus

201 1240 341 1277 diebus
372 1253 514 1277 saxum
544 1253 727 1276 casurum
760 1244 867 1276 esset
899 1252 920 1275 e
951 1239 1049 1282 sole,
1079 1238 1199 1288 idque
1231 1237 1382 1274 factum

202 1293 377 1330 interdiu
395 1296 435 1329 in
451 1292 643 1329 Thraciae
661 1298 777 1341 parte
796 1291 847 1328 ad
864 1291 998 1341 Aegos
1017 1291 1166 1327 flumen
1184 1292 1266 1341 (qui
1283 1291 1382 1340 lapis

204 1349 433 1383 etiamnunc
481 1346 707 1383 ostenditur
755 1345 1030 1395 magnitudine
1079 1344 1203 1388 vehis,
1250 1344 1383 1380 colore

202 1400 361 1449 adusto)
377 1404 534 1436 comete
552 1412 709 1448 quoque
726 1398 801 1434 illis
818 1399 998 1434 noctibus
1016 1397 1223 1447 flagrante.
1279 1396 1382 1446 quod

202 1456 235 1489 si
256 1456 341 1503 quis
362 1452 613 1502 praedictum
633 1451 786 1495 credat,
806 1451 922 1487 simul
942 1451 1118 1488 fateatur
1138 1463 1301 1487 necesse
1323 1455 1383 1487 est

343 1571 356 1590 ¹
380 1570 554 1610 Mayhoff:
585 1580 651 1610 que
667 1572 725 1600 aut
741 1579 839 1609 quae.

343 1614 356 1633 ²
380 1613 536 1653 Mayhoss
548 1625 554 1644 :
584 1622 811 1653 spongearum
827 1612 906 1643 ferri
921 1615 978 1642 aut
993 1620 1231 1653 spongearum.

345 1656 359 1674 ³
380 1657 432 1688 υλ.
451 1656 647 1687 caelestium
665 1655 874 1686 militiarum.

375 1811 389 1825 ⁰
412 1806 454 1837 In
470 1806 529 1837 the
546 1805 655 1837 battle
672 1806 711 1836 of
722 1805 869 1836 Carrhae
885 1805 926 1836 53
945 1813 1009 1836 Ro.

376 1849 387 1868 ᾖ
411 1850 469 1880 I.e.
487 1850 598 1890 lumps
613 1848 651 1879 of
662 1859 785 1889 porous
800 1852 908 1878 stone.

375 1897 386 1912 ⁶
408 1894 450 1922 4ss
468 1901 533 1922 13.C.
682 1890 696 1909 ‘¹
720 1890 804 1921 Now
822 1890 943 1926 Conza,
962 1890 996 1920 in
1013 1889 1199 1921 Samnium.

371 1940 382 1953 ⁶
405 1934 508 1965 From
525 1933 637 1964 North
653 1933 835 1973 Germany.
860 1933 1003 1964 113-101
1026 1941 1091 1962 Bm.

405 1979 465 2009 103
483 1986 549 2009 Β.ο.
686 1981 699 2000 ⁶
721 1975 806 2007 Now
822 1975 916 2006 Todi.
1022 1974 1037 1994 ⁸
1060 1976 1122 2006 467
1142 1982 1210 2005 Β.ο.

203 2052 273 2094 284
