1471 2326
325 140 494 178 PLINY
511 155 520 178 ε
568 140 836 177 NATURAL
874 138 1114 177 HISTORY

133 243 208 279 tibi
228 242 461 279 dicantium.
507 248 595 279 tum
614 255 771 291 possem
790 241 945 278 dicere:
979 241 1086 287 Quid
1104 243 1182 277 ista
1199 241 1313 291 legis,

135 296 378 345 imperator?
409 294 546 331 humili
577 295 695 345 vulgo
725 297 873 344 scripta
901 300 1009 338 sunt,
1039 294 1313 343 agricolarum,

134 348 320 398 opificum
355 349 512 392 turbae,
541 347 714 397 denique
744 347 965 384 studiorum
982 345 997 369 ²
1026 349 1183 383 otiosis:
1219 347 1313 396 quid

135 406 177 438 te
207 401 380 437 iudicem
409 401 532 437 facis?
567 414 686 450 quom
720 399 822 436 hanc
855 413 1018 450 operam
1047 399 1313 444 condicerem,

136 466 215 490 non
237 467 324 490 eras
346 456 385 490 in
407 453 481 490 hoc
502 453 614 490 albo:
650 455 842 490 maiorem
862 458 905 489 te
927 453 1103 489 sciebam
1125 465 1246 502 quam
1267 458 1312 489 ut

136 506 420 543 descensurum
448 506 524 543 huc
551 507 757 556 putarem!
786 511 998 556 praeterea
1025 511 1087 542 est
1115 505 1314 554 quaedam

135 559 295 609 publica
331 562 454 596 etiam
491 559 738 596 eruditorum
773 561 959 595 reiectio:
1010 561 1137 594 utitur
1171 557 1238 593 illa
1274 563 1315 594 et

139 611 197 648 M.
227 612 378 649 Tullius
408 618 523 648 extra
552 625 712 648 omnem
740 614 889 662 ingenii
920 611 1049 647 aleam
1077 613 1245 661 positus,
1273 616 1315 648 et

135 664 260 714 (quod
282 665 487 715 miremur)
511 678 583 715 per
605 665 844 702 advocatum
867 664 1120 701 defenditur:

853 735 926 758 nec
945 722 1193 759 doctissimis.

189 773 372 811 Manium
402 773 579 812 Persium
608 774 706 812 haec
736 775 870 825 legere
899 774 1004 818 nolo,
1035 774 1194 811 Iunium

271 827 450 877 Congum
468 829 570 867 volo.

135 896 242 945 quod
261 899 291 932 si
311 895 384 932 hoc
405 896 591 940 Lucilius,
611 899 677 946 qui
696 899 846 946 primus
864 895 1043 932 condidit
1061 896 1141 932 stili
1160 909 1316 941 nasum,

136 949 349 985 dicendum
363 950 435 985 sibi
449 951 621 998 putavit,
635 949 771 986 Cicero
785 949 1065 993 mutuandum,
1079 952 1315 998 praesertim

135 1015 226 1038 cum
245 1002 295 1038 de
316 1015 358 1038 re
378 1002 537 1052 publica
556 1003 764 1046 scriberet,
784 1008 935 1051 quanto
954 1015 1025 1038 nos
1044 1004 1245 1038 causatius
1265 1002 1315 1038 ab

136 1054 267 1104 aliquo
294 1054 424 1091 iudice
452 1054 732 1092 defendimus?
761 1055 832 1092 sed
859 1054 958 1092 haec
986 1068 1061 1105 ego
1088 1054 1184 1091 mihi
1211 1067 1315 1091 nunc

135 1110 356 1157 patrocinia
384 1107 515 1144 ademi
544 1110 856 1157 nuncupatione,
885 1110 1073 1157 quoniam
1102 1107 1315 1157 plurimum

135 1159 261 1197 refert
279 1163 468 1197 sortiatur
487 1160 627 1210 aliquis
646 1161 818 1197 iudicem
838 1174 888 1196 an
908 1160 1045 1210 eligat,
1063 1160 1315 1210 multumque

136 1219 352 1262 apparatus
398 1216 568 1250 interest
613 1214 720 1263 apud
765 1216 980 1250 invitatum
1026 1213 1226 1262 hospitem
1273 1219 1315 1250 et

136 1266 327 1302 oblatum.
373 1279 463 1302 cum
482 1266 589 1316 apud
608 1266 817 1310 Catonem,
835 1266 945 1302 illum
965 1267 1138 1303 ambitus
1157 1265 1314 1303 hostem
1348 1311 1357 1319 θ

138 1324 181 1355 et
203 1319 368 1368 repulsis
392 1325 585 1368 tanquam
608 1319 821 1356 honoribus
844 1322 1032 1369 inemptis
1055 1319 1317 1369 gaudentem,

138 1371 399 1422 flagrantibus
423 1374 592 1408 comitiis
614 1375 803 1422 pecunias
827 1372 1077 1422 deponerent
1099 1372 1317 1416 candidati,

137 1423 211 1461 hoc
234 1438 275 1461 se
299 1424 431 1461 facere
454 1438 525 1474 pro
548 1427 777 1462 innocentia
800 1425 908 1474 quod
930 1428 970 1461 in
992 1426 1111 1461 rebus
1133 1424 1317 1461 humanis

548 1482 559 1500 ¹
584 1481 639 1512 v.l.
657 1480 905 1512 studiosorum.

178 1560 193 1576 ⁰
215 1556 282 1588 Cic.
295 1557 343 1588 De
354 1556 408 1588 Or.
424 1556 471 1588 II.
483 1557 535 1587 25.
582 1557 671 1588 Nam
686 1561 726 1588 ut
739 1556 775 1588 C.
788 1556 936 1587 Lucilius
962 1581 969 1588 .
996 1582 1004 1588 .
1031 1582 1037 1588 .
1064 1557 1174 1588 dicere
1185 1557 1317 1589 solebat

132 1609 173 1631 ea
196 1609 283 1640 quae
306 1600 468 1630 scriberet
490 1610 601 1639 neque
624 1600 669 1630 ab
693 1599 935 1630 indoctissimis
955 1609 990 1630 se
1013 1610 1124 1640 neque
1147 1611 1168 1631 a
1191 1600 1314 1631 doctis-

132 1642 225 1673 simis
257 1642 319 1683 legi
349 1642 446 1678 uelle,
479 1642 570 1682 quod
601 1642 698 1672 alteri
730 1642 813 1673 nihil
844 1642 1082 1683 intelligerent,
1111 1642 1208 1674 alteri
1241 1643 1317 1684 plus

133 1684 276 1716 fortasse
305 1695 409 1725 quam
438 1685 527 1725 ipse;
570 1695 637 1725 quo
666 1685 771 1715 etiam
799 1685 934 1725 scripsit
962 1685 1118 1716 Persium
1146 1696 1212 1716 non
1240 1696 1317 1718 curo

133 1728 231 1767 legere
258 1727 326 1765 (hic
353 1728 443 1758 enim
472 1727 548 1763 fuit,
577 1731 616 1758 ut
643 1737 815 1763 noramus‚
844 1728 997 1758 omnium
1025 1727 1094 1758 fere
1121 1732 1316 1760 nostrorum

133 1770 311 1801 hominum
342 1770 584 1808 doctissimus),
615 1770 766 1801 Laelium
794 1770 969 1802 Decimum
996 1771 1065 1801 volo
1095 1773 1211 1810 (quem
1241 1781 1316 1812 cog-

133 1813 292 1844 nouimus
304 1813 415 1843 uirum
428 1813 555 1843 bonum
567 1817 601 1843 et
613 1823 681 1843 non
692 1812 902 1849 illiteratum,
915 1812 974 1843 sed
986 1813 1069 1843 nihil
1081 1817 1120 1843 at
1134 1813 1312 1852 Persium):

133 1856 181 1886 sic
202 1855 444 1896 ego—Brotier
466 1855 582 1886 thinks
604 1855 683 1886 that
706 1855 806 1896 Pliny
828 1855 930 1886 refers
954 1859 990 1886 to
1014 1855 1158 1887 Cicero's
1182 1856 1317 1896 preface

134 1900 222 1936 (now
244 1898 322 1935 lost)
343 1902 380 1928 to
400 1898 447 1929 De
470 1898 645 1937 Republica
667 1900 718 1936 (as
738 1897 875 1938 implied
898 1898 1016 1937 below)
1036 1898 1105 1929 and
1124 1899 1204 1930 that
1222 1899 1318 1930 there

131 1942 192 1973 the
213 1942 397 1982 quotation
417 1940 561 1972 differed
580 1940 669 1971 from
688 1940 768 1971 that
788 1941 824 1971 in
844 1940 894 1972 De
915 1940 1066 1978 Oratore3
1091 1940 1154 1971 but
1176 1940 1319 1972 wilkins

132 1985 185 2024 (de
200 1986 255 2016 Or.
269 1984 296 2016 I.
311 1986 387 2023 256)
403 1987 559 2024 suggests
575 1983 654 2014 that
669 1983 786 2015 Cicero
800 1983 880 2014 here
896 1983 1023 2024 merely
1039 1983 1246 2015 substitutes
1260 1984 1319 2015 the

131 2037 234 2059 name
249 2027 288 2059 of
300 2038 320 2058 a
336 2027 448 2058 friend
465 2027 504 2058 of
516 2027 569 2057 his
584 2036 673 2057 own.

124 2073 148 2110 6
