1471 2326
71 645 132 676 123

71 1134 133 1165 124

72 1501 135 1532 125

349 109 379 146 P
384 110 517 147 LINY
530 123 539 147 ฮต
589 110 853 147 NATURAL
888 108 1124 147 HISTORY

152 213 334 250 omnibus
365 226 461 262 quos
492 212 636 248 deinde
666 225 826 261 ponam,
855 225 927 261 per
955 212 1128 262 singulas
1157 215 1327 249 interca-

153 274 321 310 lationes
365 287 443 310 uno
487 273 551 310 die
595 273 903 322 anticipantibus
946 286 1160 322 rursusque
1203 274 1327 310 lustro

152 338 336 384 sequenti
374 335 553 371 ordinem
590 335 851 370 servantibus.
907 335 1123 371 Favonium
1167 334 1327 384 quidam

153 409 188 432 a.
216 396 253 432 d.
282 396 380 432 VIII
410 395 599 432 kalendas
629 395 797 432 Martias
824 394 1085 431 Chelidonian
1111 401 1252 432 vocant
1278 396 1328 431 ab

153 456 371 493 hirundinis
393 460 490 500 visu,
510 456 716 492 nonnnulli
735 469 830 492 vero
851 455 1064 492 Ornithian
1084 456 1133 491 ab
1155 456 1329 493 adventu

153 521 285 554 avium
302 531 380 554 uno
399 523 440 554 et
458 517 569 553 LXX
586 517 650 553 die
667 522 758 566 post
773 517 958 553 brumam
975 516 1138 553 flantem
1157 530 1229 566 per
1245 517 1329 554 dies

153 592 308 615 novem.
364 578 535 614 Favonio
567 581 788 614 contrarius
822 583 883 614 est
916 591 1035 627 quem
1067 577 1330 614 Subsolanum

157 640 454 689 appellavimus.
521 639 591 676 dat
629 645 827 676 aestatem
865 645 1027 675 exortus
1066 639 1331 689 Vergiliarum

154 704 194 737 in
211 700 382 738 totidem
399 701 579 750 partibus
591 700 710 736 Tauri
722 713 793 736 sex
810 700 949 736 diebus
968 706 1062 737 ante
1083 700 1211 736 Maias
1229 700 1330 744 idus,

154 761 261 812 quod
277 768 436 811 tempus
455 762 691 798 Austrinum
710 767 785 804 est,
801 760 892 797 huic
910 766 1030 797 vento
1048 760 1331 810 Septentrione

153 826 365 859 contrario.
432 822 710 859 ardentissimo
756 828 893 858 autem
938 825 1103 858 aestatis
1149 828 1332 871 tempore

155 886 334 920 exoritur
384 883 598 920 Caniculae
652 883 759 919 sidus
809 882 893 919 sole
948 886 1118 932 primam
1174 889 1332 932 partem

155 944 299 981 Leonis
337 944 604 995 ingrediente,
644 947 710 993 qui
749 944 832 980 dies
882 944 956 980 XV
995 950 1090 981 ante
1129 944 1332 994 Augustas

153 1006 338 1042 calendas
380 1011 454 1042 est.
509 1005 623 1041 huius
666 1011 852 1042 exortum
893 1005 1033 1042 diebus
1074 1011 1165 1042 octo
1205 1005 1333 1043 ferme

156 1067 373 1117 Aquilones
410 1066 670 1110 antecedunt,
707 1079 803 1116 quos
841 1066 1078 1103 Prodromos
1114 1066 1331 1116 appellant.

158 1134 248 1179 post
286 1128 451 1165 biduum
482 1134 619 1164 autem
651 1133 813 1164 exortus
844 1127 964 1164 iidem
995 1127 1213 1177 Aquilones
1243 1141 1334 1164 con-

153 1193 322 1226 stantius
336 1189 507 1239 perflant
521 1189 660 1226 diebus
674 1188 821 1232 XXX,l
835 1202 932 1238 quos
945 1188 1101 1225 Etesias
1116 1188 1333 1238 appellant.

154 1251 309 1287 mollire
344 1264 410 1287 eos
443 1250 620 1287 creditur
652 1250 745 1286 solis
779 1263 901 1299 vapor
934 1253 1159 1300 geminatus
1194 1250 1334 1287 ardore

154 1312 308 1355 sideris,
340 1325 414 1348 nec
446 1311 517 1348 ulli
548 1317 760 1348 ventorum
792 1314 919 1361 magis
952 1314 1047 1348 stati
1079 1317 1184 1348 sunt.
1239 1311 1335 1348 Post

156 1387 222 1410 eos
246 1386 378 1409 rursus
402 1373 540 1409 Austri
564 1372 797 1422 frequentes
820 1385 946 1422 usque
970 1371 1021 1408 ad
1042 1372 1148 1408 sidus
1173 1372 1334 1409 Arcturi

156 1434 262 1484 quod
296 1437 473 1471 exoritur
506 1433 690 1470 undecim
728 1433 867 1470 diebus
906 1439 1001 1470 ante
1039 1436 1334 1483 aequinoctium

159 1498 351 1532 autumni.
405 1509 495 1532 cum
515 1494 588 1532 hoc
609 1494 732 1531 Corus
752 1497 912 1544 incipit3
956 1494 1079 1531 Corus
1101 1500 1334 1532 autumnat:

159 1557 250 1594 huic
263 1563 324 1594 est
339 1559 560 1593 contrarius
581 1556 810 1592 Volturnus.
865 1562 957 1606 post
976 1555 1017 1592 id
1039 1558 1333 1605 aequinoctium

155 1619 295 1655 diebus
333 1617 419 1654 fere
457 1623 649 1667 quattuor
686 1623 728 1654 et
766 1617 1033 1667 quadraginta
1069 1616 1334 1666 Vergiliarum

157 1693 317 1716 occasus
347 1678 521 1715 hiemem
553 1677 726 1722 inchoat,
757 1678 864 1728 quod
892 1684 1052 1727 tempus
1082 1680 1122 1714 in
1154 1678 1216 1714 III
1247 1678 1333 1715 idus

158 1741 404 1777 Novembres
438 1740 614 1777 incidere
643 1742 876 1783 consuevit3
914 1738 988 1776 hoc
1027 1745 1089 1776 est
1127 1739 1334 1788 Aquilonis

156 1801 309 1838 hiberni
344 1801 596 1850 multumque
629 1804 780 1837 aestivo
810 1800 867 1836 illi
900 1800 1112 1843 dissimilis,
1143 1803 1251 1836 cuius
1286 1813 1334 1837 ex

156 1862 324 1899 adverso
346 1868 406 1900 est
426 1862 596 1898 Africus.
653 1868 694 1898 et
711 1868 806 1898 ante
825 1862 1008 1898 brumam
1025 1867 1161 1898 autem
1177 1868 1333 1911 septem

470 1959 483 1978 ยน
510 1958 572 1990 all.
592 1958 712 1989 diebus
730 1958 803 1994 XL,
823 1957 874 1988 his
892 1958 1023 1989 diebus.

152 2021 222 2065 264
