1471 2326
367 121 535 159 PLINY
548 134 558 159 ε
607 121 872 159 NATURAL
908 120 1147 158 HISTORY

166 223 287 274 longa
329 223 479 260 faciunt
521 225 654 273 priore
696 222 895 260 ardente1
937 228 1068 272 parte,
1108 222 1209 260 bolis
1252 235 1347 260 vero

167 283 366 327 perpetua
384 276 526 313 ardens
545 276 767 326 longiorem
784 275 910 312 trahit
926 275 1107 312 limitem.

219 329 365 366 XXVI.
419 329 604 366 Emicant
648 334 690 365 et
731 329 868 365 trabes
911 328 1031 365 simili
1073 327 1206 372 modo,
1249 341 1346 377 quas

170 383 295 423 δοκοὺς
322 387 479 426 vocant,
501 381 626 431 qualis
655 395 745 418 cum
774 380 1080 418 Lacedaemonii
1107 380 1233 418 classe
1254 383 1348 418 victi

103 440 145 471 97
171 437 382 485 imperium
429 435 622 472 Graeciae
667 437 849 471 amisere.
903 434 948 471 fit
995 439 1037 471 et
1082 434 1183 470 caeli
1227 436 1348 483 ipsius

102 1180 145 1213 98

170 488 316 532 hiatus,
332 487 439 538 quod
453 493 596 524 vocant
611 486 784 531 chasma,
801 486 989 537 (XXVII)
1011 486 1057 523 fit
1073 492 1115 523 et
1129 489 1350 536 sanguinea

168 544 320 591 species
358 546 414 584 et,
450 553 528 590 quo
565 539 661 576 nihil
695 540 913 577 terribilius
949 539 1180 576 mortalium
1214 541 1349 576 timori

170 600 247 638 est,
259 593 486 630 incendium
500 593 551 630 ad
562 599 692 630 terras
706 592 850 629 cadens
864 592 971 636 inde,
983 595 1086 629 sicut
1100 591 1348 642 Olympiadis

169 650 413 683 centesimae
435 649 632 696 septimae
654 658 758 682 anno
779 648 918 689 tertio,
939 658 1029 682 cum
1050 658 1121 682 rex
1144 644 1348 694 Philippus

171 700 383 736 Graeciam
405 704 604 749 quateret.
659 704 780 748 atque
805 711 879 748 ego
900 697 1000 734 haec
1022 701 1137 735 statis
1158 700 1351 746 tempori-

169 753 242 789 bus
266 758 435 789 naturae
458 755 496 789 vi
511 752 527 775 2
550 757 596 788 ut
619 757 756 788 cetera
780 752 954 788 arbitror
977 754 1167 794 existere,
1189 763 1283 794 non,
1305 756 1350 787 ut

169 806 366 855 plerique,
393 807 510 841 variis
539 804 589 842 de
618 807 745 841 causis
776 817 872 853 quas
901 806 1153 853 ingeniorum
1182 815 1351 839 acumen

170 861 396 908 excogitat3
440 861 587 907 quippe
615 860 841 907 ingentium
868 857 1067 893 malorum
1094 855 1208 893 fuere
1236 868 1351 905 prae·

170 914 326 955 nuntia,
355 910 427 948 sed
457 924 505 947 ea
535 910 724 947 accidisse
755 923 837 946 non
867 912 960 959 quia
988 908 1089 946 haec
1119 908 1228 946 facta
1256 914 1350 945 sunt

169 965 356 1008 arbitror,
379 977 518 1000 verum
542 962 642 1000 haec
666 963 756 999 ideo
782 962 889 999 facta
914 964 1007 1011 quia
1030 964 1212 998 incasura
1236 967 1351 998 erant

167 1017 251 1060 illa,
276 1020 443 1054 raritate
471 1022 608 1053 autem
634 1015 832 1052 occultam
861 1028 1000 1052 eorum
1028 1027 1115 1052 esse
1140 1017 1351 1058 rationem,

169 1070 340 1119 ideoque
365 1083 446 1106 non
469 1072 572 1106 sicut
599 1075 762 1106 exortus
788 1081 909 1118 supra
934 1068 1062 1105 dictos
1088 1067 1351 1117 defectusque

171 1128 213 1160 et
230 1123 357 1159 multa
374 1123 451 1159 alia
467 1125 586 1159 nosci.

221 1175 411 1212 XXVIII.
467 1175 695 1212 Cernuntur
736 1180 778 1211 et
817 1173 961 1210 stellae
1001 1186 1092 1210 cum
1131 1173 1215 1210 sole
1254 1175 1351 1210 totis

170 1229 324 1273 diebus,
349 1228 586 1278 plerumque
614 1233 655 1264 et
681 1230 786 1264 circa
811 1227 904 1264 solis
931 1227 1071 1263 orbem
1097 1240 1170 1263 ceu
1195 1229 1352 1275 spiceae

169 1295 340 1319 coronae
383 1287 425 1318 et
466 1281 724 1318 versicolores
765 1279 915 1323 circuli,
956 1279 1129 1329 qualiter
1169 1279 1353 1329 Augusto

171 1334 343 1372 Caesare
359 1337 401 1371 in
415 1337 545 1384 prima
560 1337 723 1370 iuventa
738 1333 881 1369 urbem
896 1335 1074 1369 intrante
1090 1338 1182 1382 post
1199 1332 1353 1369 obitum

170 1390 298 1438 patris
344 1387 395 1424 ad
439 1400 586 1424 nomen
630 1389 770 1436 ingens
815 1385 1117 1435 capessendum.
1173 1388 1352 1422 existunt

171 1440 339 1477 eaedem
367 1453 537 1477 coronae
567 1442 672 1476 circa
699 1439 835 1475 lunam
865 1445 907 1476 et
934 1441 1040 1475 circa
1069 1437 1216 1474 nobilia
1246 1443 1354 1474 astra

171 1494 364 1544 caeloque
402 1493 663 1530 inhaerentia.
718 1491 867 1528 XXIX.
922 1491 1038 1528 Circa
1075 1490 1201 1528 solem
1240 1503 1352 1527 arcus

512 1578 523 1597 ¹
547 1578 730 1608 ardentes?
747 1576 927 1608 Rackham.

508 1622 521 1640 ²
544 1622 578 1651 vi
593 1620 668 1651 add.
685 1618 908 1660 Mayhoff(cs.
926 1619 1014 1659 191).

216 1729 231 1743 ‘²
255 1725 300 1754 At
317 1723 454 1760 Cnidus
473 1724 536 1754 394
554 1731 619 1753 13.0.

218 1767 231 1786 Β
255 1768 317 1798 349
336 1775 400 1797 B.C.

217 1815 227 1828 ⁶
252 1809 311 1840 Le.
338 1809 389 1839 his
413 1806 623 1848 great-uncle
647 1806 760 1837 Julius
786 1805 919 1842 Caesar,
946 1805 1022 1836 who
1047 1807 1109 1836 not
1133 1804 1212 1845 long
1237 1804 1352 1836 before

173 1852 224 1883 his
245 1851 349 1882 death
369 1849 519 1891 adopted
542 1849 710 1880 Octavian
731 1849 804 1879 into
825 1849 884 1879 the
905 1848 994 1879 Gens
1014 1847 1108 1879 Julia
1127 1858 1165 1878 as
1185 1847 1237 1878 hjs
1257 1847 1351 1879 heir:

172 1895 211 1925 of
235 1894 303 1925 this
331 1893 506 1933 Augustus
535 1892 631 1929 (then
660 1891 744 1931 aged
776 1891 850 1930 183)
879 1890 988 1921 learnt
1018 1900 1060 1921 on
1090 1891 1237 1930 crossing
1266 1889 1352 1921 from

172 1936 353 1977 Apollonia
380 1935 450 1967 and
475 1934 614 1977 landing
642 1944 723 1966 near
750 1933 898 1965 Brindisi
925 1933 1056 1976 shortly
1084 1932 1173 1965 after
1200 1932 1352 1965 Caesar’s

172 1979 320 2011 murder.

171 2051 243 2085 240
