1471 2326
99 416 160 448 143

100 1027 162 1057 144

103 1637 165 1669 145

379 126 546 165 PLINY
560 140 569 164 :
619 127 884 165 NATURAL
918 126 1156 165 HISTORY

180 231 286 266 niam
304 229 417 266 laeva
435 235 551 279 parte
569 229 707 266 mundi
725 234 835 265 ortus
856 234 939 272 est3
970 242 1044 265 nec
1061 234 1146 265 tam
1164 228 1357 266 adventus

181 296 386 340 spectatur
409 304 527 339 quam
549 291 714 334 reditus,
734 292 816 326 sive
838 290 888 326 ab
909 292 991 326 ictu
1011 290 1136 326 resilit
1156 293 1256 339 ignis
1276 293 1358 326 sive

181 364 304 400 opere
324 351 508 388 confecto
530 357 600 388 aut
621 354 713 401 igne
734 356 970 400 consumpto
991 353 1151 400 spiritus
1172 356 1337 387 remeat.

237 412 284 448 In
313 412 487 448 sedecim
519 418 654 461 partes
685 411 840 448 caelum
871 414 911 447 in
943 424 990 448 eo
1020 417 1161 461 spectu
1191 411 1359 448 divisere

181 473 323 510 Tusci:
363 476 491 522 prima
522 479 583 509 est
611 486 634 508 a
662 473 1013 521 septemtrionibus
1041 472 1092 509 ad
1119 474 1360 522 aequinocti-

181 534 285 570 alem
307 540 505 577 exortum,
520 533 694 570 secunda
709 533 760 570 ad
778 533 1001 577 meridiem,
1014 536 1137 570 tertia
1157 533 1208 569 ad
1227 535 1360 583 aequi-

182 595 393 631 noctialem
429 608 625 638 occasum,
660 600 803 644 quarta
836 595 992 631 obtinet
1026 594 1132 644 quod
1163 594 1361 643 reliquum

184 662 245 692 est
285 657 334 691 ab
375 669 515 692 occasu
555 655 605 692 ad
644 658 975 705 septemtriones;
1027 654 1097 691 has
1136 658 1283 692 iterum
1321 658 1361 691 in

183 723 397 766 quaternas
423 717 592 753 divisere
615 722 765 766 partes,
790 730 838 753 ex
864 717 1004 766 quibus
1029 722 1120 752 octo
1144 716 1193 752 ab
1219 722 1362 753 exortu

183 781 375 821 sinistras,
407 777 578 814 totidem
614 791 635 814 e
668 780 867 814 contrario
901 777 1154 826 appellavere
1187 776 1361 814 dextras.

185 852 233 875 ex
260 838 319 875 his
345 842 519 875 maxime
547 839 656 875 dirae
684 851 786 888 quae
812 841 1120 887 septemtriones
1147 838 1197 874 ab
1223 851 1362 874 occasu

184 902 401 949 attingunt.
456 903 591 949 itaque
628 899 843 948 plurimum
878 898 1004 936 refert
1039 898 1145 935 unde
1181 902 1363 936 venerint

184 960 350 997 fulmina
403 967 445 997 et
498 974 575 1010 quo
627 962 908 997 concesserint.
975 963 1171 1009 optimum
1217 965 1279 997 est
1323 963 1364 996 in

188 1025 384 1058 exortivas
418 1022 549 1058 redire
581 1027 728 1071 partes.
792 1021 882 1058 ideo
916 1034 1006 1057 cum
1043 1034 1066 1057 a
1101 1023 1230 1070 prima
1265 1021 1365 1058 caeli

182 1089 298 1133 parte
332 1086 515 1119 venerint
548 1089 590 1119 et
622 1085 663 1118 in
696 1082 865 1119 eandem
896 1085 1178 1126 concesserint,
1209 1095 1364 1118 summa

183 1144 351 1180 felicitas
371 1144 651 1193 portendetur,
670 1143 786 1192 quale
806 1142 938 1179 Sullae
957 1143 1143 1180 dictatori
1161 1149 1364 1180 ostentum

185 1205 324 1242 datum
337 1208 559 1254 accepimus
574 1217 582 1248 ;
608 1210 745 1241 cetera
760 1204 810 1240 ad
823 1207 942 1253 ipsius
957 1204 1093 1240 mundi
1106 1207 1331 1253 portionem
1348 1203 1363 1227 1

183 1269 311 1302 minus
328 1279 520 1315 prospera
536 1272 603 1302 aut
621 1265 717 1302 dira.
773 1265 934 1315 quidam
950 1264 965 1287 2
984 1264 1142 1315 fulgura
1156 1268 1364 1302 enuntiare

185 1340 264 1363 non
283 1333 427 1376 putant
446 1326 504 1363 fas
524 1340 597 1363 nec
617 1327 770 1369 audire,
788 1332 1074 1376 praeterquam
1093 1329 1126 1362 si
1143 1325 1290 1376 hospiti
1308 1329 1362 1363 in-

182 1388 365 1425 dicentur
386 1394 454 1425 aut
476 1391 644 1437 parenti.

238 1449 390 1499 Magna
420 1449 533 1485 huius
564 1449 851 1485 observationis
882 1451 1034 1485 vanitas
1064 1453 1175 1485 tacta
1206 1448 1365 1486 Iunonis

185 1510 285 1546 aede
308 1510 457 1547 Romae
479 1509 731 1559 deprehensa
753 1516 814 1546 est
835 1509 983 1546 Scauro
1003 1510 1164 1546 consule
1186 1513 1251 1559 qui
1272 1523 1365 1547 mox

182 1575 364 1621 princeps
383 1571 469 1608 fuit.

241 1633 371 1670 Noctu
406 1636 532 1683 magis
567 1646 685 1682 quam
721 1632 896 1669 interdiu
929 1635 1014 1669 sine
1046 1632 1259 1669 tonitribus
1293 1632 1366 1669 ful-

183 1700 314 1744 gurat.
369 1707 491 1730 unum
537 1694 681 1730 anima]
726 1693 929 1730 hominem
974 1706 1053 1730 non
1097 1706 1255 1743 semper
1300 1707 1366 1730 ex-

239 1780 252 1799 1
277 1779 434 1820 Mayhosf
448 1780 504 1821 (cf.
522 1780 580 1810 xiii
605 1780 665 1810 133
688 1781 758 1818 etc.)
774 1791 781 1810 ε
813 1783 924 1810 cetera
940 1779 1047 1819 ipsius
1064 1779 1182 1810 mundi
1199 1779 1365 1820 portione.

239 1823 251 1841 2
274 1823 473 1854 Raclcham:
499 1823 680 1864 quaedam.

331 1913 344 1969 Ξ
368 1909 404 1981 {tl
426 1909 452 1938 is
468 1908 627 1938 assumed
644 1907 721 1939 that
739 1918 783 1938 an
800 1908 960 1940 observer
977 1907 1068 1939 faces
1090 1907 1212 1940 South.

411 1963 430 1981 ο
449 1960 513 1981 Β.(“.

209 2040 230 2075 8
332 1999 342 2012 ⁶
364 1993 414 2025 Cf.
433 1993 602 2025 XXXVI.
623 1994 684 2024 144
697 1994 859 2035 princeps
874 1994 1029 2025 civitatis.

184 2051 204 2076 2
233 2052 255 2074 0
