1471 2326
369 103 536 142 PLINY
550 118 560 143 ι
608 105 872 143 NATURAL
906 105 1143 144 HISTORY

168 212 211 245 et
244 209 287 244 in
313 208 568 257 coarguendo
598 220 646 244 eo
675 213 717 244 et
751 210 793 244 in
818 207 972 257 reliqua
1002 211 1108 244 omm'
1137 208 1343 259 diligentia

168 272 303 314 mirus,
322 269 443 305 adicit
462 268 681 306 stadiorum
700 268 819 318 paulo
838 271 966 306 minus
986 269 1133 306 XXVI.

84 334 148 366 248
217 330 310 367 Alia
342 330 620 381 Dionysodoro
653 330 750 367 fides
787 330 934 380 (neque
972 333 1078 368 enim
1112 331 1345 368 subtraham

169 391 399 441 exemplum
441 395 628 429 vanitatis
673 391 853 429 Graecae
893 393 1141 442 maximum).
1198 393 1346 430 Melius

167 452 231 490 hic
256 453 333 490 fuit
357 456 630 504 geometricae
654 456 822 491 scientia
846 453 1010 497 nobilis3
1052 460 1216 492 senecta
1240 455 1346 492 diem

169 515 268 552 obiit
297 518 339 551 in
359 518 505 565 patria,
523 514 640 552 funus
665 515 817 552 duxere
841 518 877 552 ei
897 518 1145 565 propinquae
1167 516 1220 553 ad
1249 529 1346 566 quas

168 577 400 627 pertinebat
421 575 636 613 hereditas.
690 576 766 613 hae
794 590 884 613 cum
906 580 1051 614 secutis
1080 577 1219 614 diebus
1242 580 1348 615 iusta

170 644 429 688 peragerent,
451 640 649 675 invenisse
665 638 851 676 dicuntur
866 641 907 674 in
928 638 1112 688 sepulcro
1136 639 1348 688 epistulam

171 699 437 750 Dionysodori
452 702 612 736 nomine
635 700 687 737 ad
708 713 872 749 superos
884 702 1096 750 scriptam:
1122 704 1349 750 pervenisse

171 774 264 798 eum
280 775 303 797 a
318 761 499 811 sepulcro
515 762 566 798 ad
580 761 758 798 infimam
772 767 940 805 terram,
960 774 1047 798 esse
1068 775 1157 798 eam
1182 762 1350 799 stadior-

170 835 239 860 um
251 823 381 860 XLII.
436 823 519 860 Nec
532 822 698 860 defuere
711 829 944 873 geometrae
958 825 1024 873 qui
1036 825 1350 873 interpretaren-

169 889 237 922 tur
271 885 493 934 significare
530 885 743 934 epistulam
781 898 804 921 a
838 884 971 921 medio
1016 890 1219 922 terrarum
1253 885 1350 922 orbe

170 949 332 983 missam
352 946 459 996 quod
477 946 665 983 deorsum
684 947 735 983 ab
761 959 916 983 summo
940 946 1216 996 longissimum
1243 953 1350 985 esset

170 1011 346 1057 spatium
375 1014 417 1045 et
445 1008 552 1045 idem
574 1008 680 1059 pilae
708 1008 897 1045 medium.
953 1021 1003 1044 ex
1026 1021 1104 1057 quo
1136 1014 1349 1046 consecuta

170 1072 417 1119 computatio
452 1076 514 1107 est
559 1072 767 1107 circuitum
810 1082 896 1106 esse
942 1069 1086 1106 CCLII
1131 1070 1350 1107 stadiorum

172 1134 540 1181 pronuntiarentur.

224 1193 373 1232 CXIII.
431 1193 673 1230 Harmonica
726 1195 842 1237 ratio,
898 1206 1000 1243 quae
1055 1195 1163 1243 cogit
1216 1206 1350 1230 rerum

173 1261 360 1292 naturam
396 1255 469 1292 sibi
506 1258 633 1304 ipsam
670 1267 905 1305 congruere,
938 1254 1050 1291 addit
1083 1253 1174 1291 huic
1206 1257 1350 1291 rationi

172 1317 393 1354 stadiorum
438 1317 534 1361 ΧΙΙ,
575 1322 807 1367 terramque
848 1315 977 1353 XCVI
1022 1321 1180 1366 partem
1226 1319 1349 1353 totius

171 1378 309 1415 mundi
329 1378 438 1416 facit.

217 1520 234 1538 ⁸
256 1516 316 1549 Le.
333 1518 353 1549 6
374 1523 401 1550 ><
422 1517 555 1556 42,000‚
572 1516 631 1548 the
647 1516 764 1558 length
781 1515 819 1548 of
830 1515 889 1547 the
905 1516 1030 1554 radius,
1048 1515 1166 1558 taking
1183 1529 1203 1547 π
1221 1525 1258 1546 as
1274 1516 1306 1548 3.

177 2038 247 2076 3⁷2
