1471 2326
418 141 585 182 PLINY
599 157 608 181 ι
658 143 922 182 NATURAL
957 143 1193 182 HISTORY

220 244 421 295 globetur,
438 250 663 281 extremum
680 258 759 281 non
775 245 934 282 decidat
949 258 1070 282 mare.
1124 251 1263 282 contra
1278 245 1396 295 quod,

221 322 266 353 ut
285 319 363 353 sint
382 316 501 366 plana
520 319 645 352 maria
665 323 706 353 et
726 330 804 366 qua
823 316 1008 353 videntur
1028 316 1167 366 figura,
1185 330 1265 353 non
1282 330 1397 366 posse

222 388 261 425 id
302 387 481 424 accidere
521 401 667 437 magno
707 400 778 424 suo
819 388 964 437 gaudio
1005 401 1231 437 magnaque
1271 387 1399 438 gloria

219 462 446 495 inventores
493 459 636 495 Graeci
680 459 905 495 subtilitate
950 462 1195 508 geometrica
1239 459 1396 496 docent.

139 535 199 566 165
223 543 394 580 namque
415 544 505 567 cum
527 544 548 566 e
568 530 725 566 sublimi
746 532 786 566 in
805 529 992 567 inferiora
1011 543 1139 579 aquae
1158 530 1338 567 ferantur
1358 535 1400 567 et

220 605 271 638 sit
287 601 386 638 haec
402 608 546 638 natura
563 615 699 638 earum
715 601 910 645 confessa,
926 615 1000 638 nec
1016 605 1224 651 quisquam
1241 601 1400 638 dubitet

220 676 260 709 in
280 673 397 710 litore
420 673 501 709 ullo
524 676 735 710 accessisse
758 686 823 710 eas
847 686 924 723 quo
944 673 1173 723 longissime
1195 673 1400 710 devexitas

220 758 336 794 passa
362 748 428 788 sit,
455 745 592 794 procul
620 745 740 781 dubio
768 745 962 794 adparere
991 758 1068 794 quo
1096 744 1190 793 quid
1216 744 1400 780 humilius

220 811 272 845 sit
306 811 466 857 propius
502 821 525 844 a
559 814 699 845 centro
734 821 821 844 esse
855 814 1005 851 terrae,
1039 821 1256 857 omnesque
1290 807 1401 844 linias

221 885 323 922 quae
350 874 586 908 emittantur
611 884 659 908 ex
686 884 733 908 eo
757 871 808 907 ad
832 874 1032 920 proximas
1058 884 1179 920 aquas
1202 871 1402 908 breviores

222 944 308 979 fieri
333 956 452 993 quam
479 956 581 992 quae
607 943 657 979 ad
683 949 911 979 extremum
935 956 1046 979 mare
1071 956 1094 979 a
1109 945 1245 992 primis
1262 945 1400 992 aqujs;

222 1028 319 1065 ergo
360 1020 467 1052 totas
510 1017 696 1064 omnique
739 1028 788 1051 ex
830 1020 947 1063 parte
989 1027 1111 1064 aquas
1154 1027 1322 1064 vergere
1363 1016 1402 1050 in

220 1092 418 1130 centrum,
439 1086 609 1136 ideoque
631 1099 711 1122 non
732 1085 919 1123 decidere
942 1088 1128 1135 quoniam
1150 1088 1192 1122 in
1213 1088 1404 1123 interiora

220 1161 409 1195 nitantur.

139 1236 200 1266 166
276 1230 417 1266 LXVI.
473 1229 590 1276 Quod
615 1233 671 1266 ita
697 1229 888 1266 formasse
914 1229 1059 1266 artifex
1080 1235 1247 1266 naturae
1262 1229 1277 1252 1
1297 1229 1404 1266 credi

220 1302 358 1345 debet,
378 1308 435 1345 ut,
454 1315 545 1338 cum
563 1308 675 1338 terra
694 1301 805 1338 arida
825 1307 867 1338 et
885 1304 989 1338 sicca
1006 1307 1190 1338 constare
1208 1314 1281 1350 per
1298 1313 1340 1338 se
1359 1314 1404 1338 ac

221 1377 305 1411 sine
336 1387 475 1410 umore
506 1387 585 1410 non
615 1379 766 1423 posset,
796 1386 870 1410 nee
898 1386 1031 1409 rursus
1062 1379 1169 1409 stare
1199 1386 1303 1422 aqua
1332 1375 1403 1409 nisi

225 1449 449 1482 sustinente
461 1451 586 1488 terra,
598 1451 737 1481 mutuo
750 1445 914 1494 inplexu
927 1447 1203 1495 iungerentur,
1213 1444 1287 1481 hac
1298 1447 1403 1481 sinus

221 1517 439 1568 pandente,
474 1517 543 1553 illa
579 1530 674 1554 vero
711 1522 947 1566 permeante
984 1523 1113 1553 totam
1150 1519 1255 1553 intra
1291 1522 1406 1553 extra

223 1589 356 1626 infra2
382 1602 502 1639 supra
529 1591 638 1626 venis
666 1594 711 1625 ut
739 1588 902 1625 vinculis
930 1588 1257 1631 discurrentibus,
1283 1593 1405 1637 atque

226 1664 348 1698 etiam
367 1664 406 1697 in
425 1664 588 1697 summis
608 1663 708 1711 iugis
729 1666 981 1710 erumpente,
1000 1673 1077 1710 quo
1095 1662 1237 1709 spiritu
1256 1665 1345 1696 acta
1364 1665 1406 1696 et

222 1739 357 1770 terrae
397 1732 575 1782 pondere
615 1745 805 1782 expressa
843 1731 1051 1781 siphonum
1091 1731 1209 1768 modo
1249 1733 1406 1774 emicat,

222 1811 461 1854 tantumque
487 1818 509 1840 a
537 1804 714 1854 periculo
739 1803 948 1841 decidendi
974 1804 1088 1840 abest
1116 1809 1161 1840 ut
1189 1806 1229 1839 in
1252 1816 1406 1839 summa

225 1890 407 1927 quaeque
446 1882 488 1913 et
524 1876 717 1913 altissima
754 1875 923 1913 exsiliat.
979 1888 1058 1924 qua
1092 1878 1247 1912 ratione
1284 1877 1403 1910 mani-

456 1988 468 2007 ²
492 1989 546 2021 ολ.
563 1992 696 2020 natura.
920 1985 932 2004 ²
953 1987 1041 2018 inira
1058 1987 1132 2018 add.
1151 1988 1218 2019 edd.

225 2062 295 2098 300
