1471 2326
408 141 572 181 PLINY
587 155 598 181 t
646 142 910 181 NATURAL
943 141 1170 181 HISTOR}

204 247 483 283 intremiscunt
510 251 645 283 terrae
674 248 748 282 nisi
776 248 905 295 sopito
933 247 1033 282 mari
1061 245 1251 296 caeloque
1281 245 1380 283 adeo

205 321 421 371 tranquillo
444 327 490 358 ut
514 321 667 358 volatus
693 324 823 357 avium
847 334 927 357 non
949 320 1154 370 pendeant
1177 321 1382 358 subtracto

205 400 313 434 omni
331 399 473 447 spiritu
494 399 561 446 qui
581 395 704 440 vehit,
723 409 797 433 nec
816 409 1006 446 umquam
1025 398 1099 432 nisi
1117 401 1209 445 post
1227 401 1381 440 ventos,

204 471 366 510 condito
393 471 544 508 scilicet
570 474 612 508 in
638 484 757 508 venas
787 477 829 508 et
855 484 951 507 cava
979 474 1060 508 eius
1089 470 1243 508 occulta
1270 470 1380 508 flatu.

204 559 335 597 neque
360 546 468 583 aliud
491 552 553 583 est
576 549 615 582 in
639 552 748 582 terra
769 552 920 583 tremor
944 559 1063 596 quam
1086 549 1127 582 in
1150 546 1257 582 nube
1280 547 1382 583 toni-

203 628 325 666 trum,
355 635 428 658 nec
458 621 588 658 hiatus
621 621 725 658 aliud
758 635 877 671 quam
907 635 997 658 cum
1026 621 1177 658 fulmen
1209 623 1382 670 erumpit

203 697 353 734 incluso
368 700 509 747 spiritu
523 697 702 734 luctante
719 702 761 734 et
776 697 827 734 ad
840 697 1071 734 libertatem
1088 700 1196 733 exire
1212 699 1380 734 nitente.

119 778 185 811 193
260 772 466 810 LXXXII.
520 772 638 809 Varie
659 775 795 822 itaque
816 775 1008 822 quatitur,
1028 778 1070 809 et
1089 775 1189 808 mira
1210 771 1383 808 eduntur

203 861 339 898 opera,
361 848 453 884 alibi
475 850 682 897 prostratis
704 848 925 891 moenibus,
945 847 1037 884 alibi
1055 846 1168 884 hiatu
1187 845 1382 897 profundo

203 923 369 967 haustis,
394 923 486 959 alibi
513 925 659 973 egestis
684 922 868 967 molibus,
893 923 985 959 alibi
1012 925 1161 959 emissis
1187 922 1383 966 amnibus,

204 1011 502 1048 nonnumquam
531 1001 652 1035 etiam
679 998 834 1048 ignibus
861 997 1046 1035 calidisve
1072 996 1262 1042 fontibus,
1289 996 1382 1033 alibi

203 1088 342 1111 averso
358 1074 564 1110 fluminum
579 1087 707 1110 cursu.
760 1073 966 1123 praecedit
980 1086 1074 1110 vero
1089 1075 1382 1122 comitaturque

203 1149 392 1187 terribilis
420 1162 552 1193 sonus,
581 1149 675 1185 alias
703 1151 896 1185 murmuri
922 1148 1073 1192 similis,
1100 1148 1194 1185 alias
1222 1150 1383 1198 mugiti-

202 1225 276 1262 bus
319 1230 388 1262 aut
429 1224 591 1261 clamori
631 1223 805 1261 humano
847 1236 1095 1260 armorumve
1137 1223 1381 1273 pulsantium

202 1300 365 1351 fragori,
387 1313 459 1350 pro
483 1300 676 1350 qualitate
700 1302 894 1336 materiae
919 1301 1150 1349 excipientis
1173 1298 1380 1348 formaque

202 1376 268 1414 vel
289 1389 548 1413 cavernarum
573 1375 637 1412 vel
660 1375 828 1411 cuniculi
852 1388 924 1425 per
949 1388 1069 1425 quem
1092 1380 1216 1419 meet,
1241 1374 1380 1411 exilius

203 1457 411 1502 grassante
454 1454 495 1487 in
538 1456 722 1501 angusto,
766 1450 909 1487 eodem
950 1463 1069 1487 rauco
1111 1452 1153 1486 in
1193 1452 1381 1493 recurvis,

202 1527 425 1564 resultante
446 1529 487 1563 in
510 1526 631 1570 duris,
652 1525 835 1563 fervente
857 1528 898 1562 in
918 1525 1076 1569 umidis,
1098 1525 1318 1562 fluctuante
1339 1527 1380 1561 in

121 1607 185 1640 194
207 1602 500 1653 stagnantibus,
527 1601 686 1638 furente
713 1607 852 1639 contra
871 1601 1008 1638 solida.
1062 1604 1198 1651 itaque
1227 1606 1269 1637 et
1295 1603 1379 1636 sine

203 1684 315 1715 motu
331 1690 451 1727 saepe
468 1677 599 1714 editur
613 1690 743 1714 sonus.
797 1690 871 1713 nec
886 1676 1052 1726 simplici
1067 1676 1185 1713 modo
1202 1678 1381 1726 quatitur

202 1752 534 1803 nonnumquam,1
568 1752 640 1790 sed
673 1755 811 1789 tremit
846 1752 1066 1801 vibratque.
1119 1750 1250 1788 hiatus
1286 1763 1380 1787 vero

203 1828 298 1865 alias
323 1834 504 1865 remanet
529 1827 742 1865 ostendens
769 1841 871 1877 quae
894 1827 1061 1871 sorbuit,
1086 1826 1180 1863 alias
1205 1826 1379 1863 occultat

200 1917 270 1942 ore
302 1917 514 1954 conpresso
546 1916 759 1953 rursusque
792 1905 850 1940 ita
882 1902 1044 1939 inducto
1076 1902 1160 1939 solo
1193 1907 1238 1939 ut
1271 1901 1378 1938 nulla

576 2006 590 2027 ยน
613 2005 777 2048 Detlefsen
791 2017 798 2037 :
826 2015 990 2046 unquam.

200 2079 272 2117 324
