1471 2326
101 287 141 317 13

105 920 145 950 14

104 1395 146 1426 15

373 123 564 162 PLINY:
614 124 878 162 NATURAL
913 123 1150 162 HISTORY

168 233 386 278 potestate,
423 239 497 263 nec
535 232 762 276 temporum
804 225 922 263 modo
960 232 1236 276 terrarumque
1274 225 1344 264 sed

166 281 339 317 siderum
369 282 492 316 etiam
519 282 694 329 ipsorum
721 279 901 328 caelique
929 284 1071 316 rector.
1123 279 1230 316 hunc
1259 292 1344 317 esse

168 333 305 370 mundi
345 335 468 369 totius
508 334 684 368 animum
724 345 770 369 ac
807 332 962 382 planius
1008 337 1202 376 mentem,
1240 331 1346 369 hunc

168 385 384 437 principale
413 391 580 421 naturae
602 387 782 435 regimen
805 398 850 421 ac
872 397 1021 421 numen
1042 384 1204 421 credere
1227 384 1346 422 decet

169 451 290 488 opera
319 441 402 475 eius
431 440 702 474 aestimantes.
760 437 824 474 hic
850 437 981 474 lucem
1003 438 1122 474 rebus
1146 440 1347 475 ministrat

169 491 380 540 aufertque
428 492 631 535 tenebras,
679 490 743 527 hic
790 490 943 540 reliqua
991 490 1122 527 sidera
1169 490 1346 527 occultat

169 545 369 588 inlustrat,
407 542 472 580 hic
511 546 615 580 vices
654 549 881 593 temporum
921 556 1149 593 annumque
1188 556 1347 593 semper

170 602 449 633 renascentem
487 609 537 633 ex
575 610 649 632 usu
686 602 854 633 naturae
893 602 1108 646 temperat,
1145 595 1210 632 hic
1246 595 1347 633 caeli

166 652 373 686 tristitiam
393 650 557 686 discutit
577 655 699 698 atque
721 652 843 686 etiam
872 648 1033 685 humani
1062 649 1198 685 nubila
1226 650 1347 685 animi

171 708 344 746 serenat,
382 701 445 738 hic
483 715 598 738 suum
626 702 761 739 lumen
790 705 933 739 ceteris
963 714 1122 752 quoque
1151 701 1346 738 sideribus

169 755 340 800 fenerat,
369 755 608 805 praeclarus,
638 758 820 799 eximius,
849 757 982 791 omnia
1010 757 1185 799 intuens,
1214 756 1347 791 omnia

171 811 293 845 etiam
334 808 564 852 exaudiens,
603 813 649 844 ut
687 810 855 858 principi
897 808 1122 845 litterarum
1170 807 1346 844 Homero

170 861 363 911 placuisse
383 863 424 897 in
444 874 522 897 uno
544 874 591 897 eo
612 860 737 897 video.

220 914 266 950 V.
321 913 575 963 Quapropter
594 914 766 964 effigiem
788 913 851 950 dei
878 912 1128 963 formamque
1154 925 1346 963 quaerere

169 966 439 1003 inbecillitatis
476 966 675 1003 humanae
712 979 811 1003 reor.
872 968 1047 1016 quisquis
1079 971 1141 1003 est
1171 966 1283 1010 deus,
1314 968 1346 1003 si

169 1019 287 1056 modo
311 1025 372 1056 est
394 1018 565 1069 aliquis,l
588 1025 629 1056 et
651 1032 903 1069 quacumque
932 1022 972 1055 in
1000 1024 1130 1069 parte,
1152 1024 1262 1055 totus
1285 1024 1347 1056 est

170 1085 321 1117 sensus,
359 1078 468 1109 totus
508 1075 626 1116 visus,
666 1078 775 1109 totus
814 1072 988 1116 auditus,
1027 1077 1136 1108 totus
1175 1074 1346 1117 animae,

170 1131 279 1162 totus
307 1128 442 1169 animi,
469 1131 578 1162 totus
606 1128 676 1162 sui.
733 1125 965 1161 Innumeros
994 1125 1156 1174 quidem
1183 1125 1346 1162 credere

171 1184 293 1227 atque
338 1181 461 1215 etiam
506 1191 555 1214 ex
599 1180 704 1214 vitiis
747 1177 966 1222 hominum,
1010 1191 1089 1214 non
1132 1178 1346 1214 virtutibus

170 1232 362 1275 tantum‚2
414 1237 459 1268 ut
512 1230 766 1275 Pudicitiam,
819 1230 1093 1275 Concordiam,
1147 1230 1346 1275 Mentem,

170 1283 304 1333 Spem,
357 1284 573 1328 Honorem,
625 1284 904 1328 Clementiam,
956 1283 1109 1327 Fidem,
1161 1289 1232 1320 aut
1284 1284 1346 1333 (ut

172 1337 406 1374 Democrito
432 1337 598 1387 placuit)
625 1337 722 1374 duos
749 1340 922 1381 omnino,
949 1335 1124 1373 Poenam
1152 1342 1194 1373 et
1220 1336 1346 1374 Bene-

171 1390 317 1434 ficium,
345 1393 535 1426 maiorem
570 1390 620 1426 ad
653 1390 871 1426 socordiam
905 1390 1072 1426 accedit.
1127 1389 1276 1440 fragilis
1305 1395 1347 1427 et

170 1443 363 1480 laboriosa
381 1443 602 1480 mortalitas
619 1445 659 1479 in
677 1449 811 1492 partes
828 1446 906 1479 ista
923 1443 1089 1493 digessit
1106 1442 1347 1479 infirmitatis

171 1509 265 1533 suae
301 1510 465 1540 mernor,
500 1502 544 1532 ut
578 1497 825 1546 portionibus
859 1495 1009 1532 coleret
1043 1498 1110 1545 qui
1145 1495 1346 1545 quisque³

169 1552 343 1586 maxime
357 1549 566 1599 indigeret.
609 1553 745 1598 itaque
760 1551 921 1585 nomina
934 1548 950 1571 4
966 1548 1042 1584 alia
1057 1548 1141 1585 aliis
1157 1549 1346 1599 gentibus

170 1608 212 1639 et
233 1605 394 1638 numina
414 1605 454 1638 in
472 1602 614 1638 iisdem
633 1602 936 1638 innumerabilia
954 1603 1189 1646 invenimus,
1209 1601 1345 1639 inferis

169 1668 328 1705 quoque
363 1658 403 1691 in
439 1668 588 1705 genera
623 1655 834 1705 discriptis,
869 1655 1096 1704 morbisque
1133 1660 1175 1691 et
1209 1654 1345 1692 multis

222 1732 235 1751 ²
266 1732 358 1771 Vulq.
373 1732 470 1763 alius.

222 1774 234 1793 ²
258 1774 433 1814 Mayhoff:
482 1779 588 1814 atque
619 1775 724 1805 etiam
755 1784 797 1805 ex
829 1774 920 1804 vitiis
950 1773 1128 1804 hominum
1157 1776 1216 1804 aut
1244 1777 1349 1815 atque

176 1821 249 1849 tam
265 1827 306 1848 ex
323 1817 510 1848 virtutibus
527 1817 685 1856 vitiisque
701 1816 879 1847 hominum
895 1815 983 1847 codd.

218 1861 231 1879 ³
255 1860 296 1890 M
298 1860 412 1900 ayhoff
423 1872 430 1891 ε
459 1859 610 1900 quidque
625 1869 694 1900 quo
708 1859 796 1890 codd.
904 1859 918 1878 ⁴
941 1859 1107 1890 numina?
1123 1858 1303 1891 Rackham.

213 1954 228 1969 ⁸
251 1950 277 1981 A
297 1951 433 1981 variant
449 1950 541 1991 gives
559 1949 567 1962 ‘
582 1949 611 1980 if
624 1950 703 1990 only
720 1949 761 1980 he
779 1949 820 1980 be
837 1949 934 1980 other
951 1949 1049 1987 (than
1065 1949 1124 1980 the
1141 1948 1283 1990 world).'

215 1992 227 2012 ⁶
251 1993 304 2025 No
321 1993 419 2025 other
435 1993 611 2035 authority
627 1993 761 2024 records
777 1993 845 2023 this
862 1992 901 2023 of
912 1992 1138 2024 Democritus.

173 2039 242 2085 178
