1471 2326
353 155 549 193 PLINY:
597 155 864 193 NATURAL
903 155 1143 193 HISTORY

161 263 311 302 nostra,
335 263 381 294 ut
405 260 445 293 in
470 257 669 307 quaedam
695 263 787 294 acta
811 263 945 302 exeat,
969 260 1178 308 sciantque
1204 271 1341 296 omnes

112 338 132 369 3
163 346 283 382 quam
310 345 359 369 ex
387 345 516 382 aequo
543 338 679 368 tecum
705 334 813 368 vivat
839 334 1066 382 imperium,
1092 332 1343 382 triumphalis

162 412 205 443 et
247 409 448 443 censorius
491 412 537 443 tu
581 409 791 456 sexiesque
834 406 970 443 consul
1014 420 1059 443 ac
1102 407 1342 444 tribuniciae

162 483 375 531 potestatis
396 483 598 531 particeps
620 487 661 517 et
683 481 807 530 (quod
826 480 886 518 his
907 481 1077 518 nobilius
1097 481 1226 518 fecisti
1248 481 1343 518 dum

162 555 257 592 illud
273 559 377 605 patri
394 558 544 605 pariter
560 561 602 592 et
618 558 796 605 equestri
812 555 938 592 ordini
954 556 1150 606 praestas)
1166 555 1343 606 praefec-

161 635 226 666 tus
259 632 448 679 praetorii
478 632 576 674 eius,
606 633 819 680 omniaque
849 629 948 667 haec
977 632 1034 667 rei
1063 630 1343 680 publicae—et

162 705 274 741 nobis
306 705 469 754 quidem
501 704 627 754 qualis
659 707 698 740 in
729 707 922 742 castrensi
953 704 1237 741 contubernio!
1270 718 1344 742 nec

161 781 375 828 quicquam
413 782 451 815 in
491 785 533 816 te
571 782 744 816 mutavit
782 779 967 816 fortunae
1006 779 1229 829 amplitudo
1267 781 1340 816 nisi

111 860 131 889 4
164 859 209 890 ut
247 853 434 904 prodesse
474 854 716 890 tantundem
753 867 889 904 posses
927 860 973 890 ut
1010 854 1143 891 velles.
1207 856 1344 903 itaque

160 941 251 964 cum
290 931 435 965 ceteris
476 931 515 964 in
557 930 859 965 venerationem
900 931 960 965 tui
1000 934 1171 978 pateant
1211 930 1344 964 omnia

160 1002 240 1047 illa,
269 1003 382 1039 nobis
411 1003 461 1039 ad
490 1003 702 1039 colendum
731 1009 774 1040 te
804 1002 1037 1040 familiarius
1067 1003 1234 1039 audacia
1262 1001 1345 1039 sola

160 1083 355 1126 superest.
413 1079 514 1114 hanc
546 1079 669 1127 igitur
698 1079 772 1114 tibi
803 1078 1035 1127 imputabis,
1067 1083 1109 1114 et
1138 1079 1177 1113 in
1210 1083 1344 1114 nostra

159 1151 276 1201 culpa
311 1152 385 1188 tibi
421 1154 614 1202 ignosces.
678 1152 866 1201 perfricui
904 1151 1061 1196 faciem,
1098 1165 1171 1188 nec
1207 1157 1343 1188 tamen

161 1225 324 1275 profeci,
351 1229 538 1275 quoniam
566 1227 642 1263 alia
669 1229 731 1263 via
756 1229 927 1263 occurris
953 1229 1094 1276 ingens
1121 1233 1163 1263 et
1190 1226 1344 1276 longius

110 1306 131 1336 6
161 1303 285 1337 etiam
312 1301 523 1338 submoves
551 1303 700 1351 ingenii
728 1301 922 1338 fascibus:
966 1301 1143 1350 fulgurat
1170 1303 1209 1337 in
1237 1301 1344 1338 nullo

161 1388 351 1424 umquam
372 1378 502 1412 verius
525 1375 739 1412 dictatoria
761 1378 817 1412 vis
840 1375 1110 1425 eloquentiae,
1132 1376 1344 1412 tribunicia

161 1455 341 1499 potestas
380 1450 602 1487 facundiae.
668 1456 820 1499 quanto
856 1456 902 1487 tu
938 1463 1006 1487 ore
1043 1453 1168 1500 patris
1207 1450 1344 1487 laudes

163 1524 299 1561 tonas!
335 1530 486 1573 quanto
516 1524 648 1561 fratris
679 1523 880 1562 famamll
911 1531 1084 1575 quantus
1117 1527 1157 1561 in
1186 1527 1344 1574 poetica

160 1599 223 1635 es!
277 1612 299 1635 ο
351 1611 498 1648 magna
550 1598 775 1636 fecunditas
828 1599 1343 1649 animi—quemadmodum

160 1672 326 1709 fratrem
349 1687 508 1723 quoque
531 1676 743 1710 imitareris
767 1674 1027 1724 excogitasti!

112 1753 132 1782 6
212 1746 292 1784 Sed
312 1746 411 1784 haee
427 1750 514 1797 quis
534 1750 659 1798 possit
674 1748 896 1798 intrepidus
913 1751 1125 1785 aestimare
1141 1749 1343 1785 subiturus

159 1823 308 1871 ingenii
334 1824 394 1858 tui
419 1822 624 1866 iudicium,
649 1825 888 1872 praesertim
913 1822 1170 1859 lacessitum?
1211 1836 1341 1873 neque

159 1898 267 1933 enim
288 1896 424 1933 similis
447 1903 509 1933 est
530 1897 708 1933 condicio
730 1897 1021 1946 publicantium
1043 1903 1085 1934 et
1107 1900 1340 1935 nominatim

270 1995 284 2016 ²
305 1996 435 2028 famam
455 1997 635 2035 Rackham,
656 1998 767 2028 famas
787 1998 972 2038 Detlefsen:
1005 2008 1102 2030 amas
1122 1997 1211 2029 codd.

159 2072 183 2101 4
