1471 2326
412 103 578 143 PLINY
592 119 601 143 :
650 105 912 144 NATURAL
946 105 1181 144 HISTORY

211 206 295 244 dies
313 219 472 243 serenos
492 220 589 244 esse.
643 210 685 244 in
701 221 797 257 agro
812 208 973 257 Arpano
989 207 1234 245 frumentum
1251 213 1380 245 satum

212 273 291 296 non
328 263 515 304 nascitur,
547 260 598 297 ad
628 274 714 297 aras
749 261 901 298 Mucias
932 264 974 297 in
1003 261 1172 298 Veiente
1204 267 1246 298 et
1277 261 1382 311 apud

211 313 476 350 Tusculanum
496 320 537 350 et
555 317 596 350 in
612 314 709 350 silva
728 313 895 350 Ciminia
911 314 998 351 loca
1015 320 1107 351 sunt
1125 317 1167 351 in
1184 315 1324 364 quibus
1342 317 1383 351 in

211 372 362 403 terram
400 367 570 416 depacta
606 380 687 404 non
724 367 999 404 extrahuntur.
1051 371 1091 405 in
1130 367 1383 405 Crustumino

212 425 351 456 natum
369 419 531 457 faenum
549 421 603 456 ibi
621 423 797 464 noxium,
817 426 932 457 extra
948 421 1105 458 salubre
1125 427 1197 458 est.

126 477 190 509 212
264 473 407 510 XCIX.
461 474 514 510 Et
550 474 600 510 de
637 487 828 523 aquarum
863 480 1006 510 natura
1040 474 1243 523 complura
1278 474 1384 511 dicta

212 532 316 563 sunt.
332 526 403 563 sed
417 532 549 562 aestus
564 530 681 563 maris
696 527 885 563 accedere
901 533 941 564 et
954 530 1198 576 reciprocare
1211 530 1384 563 maxime

211 583 369 623 mirum,
393 579 568 629 pluribus
594 580 754 629 quidem
777 580 916 624 modis,
940 594 1077 617 verum
1100 593 1218 617 causa
1240 583 1280 617 in
1303 580 1385 617 sole

210 632 394 682 lunaque.
448 633 507 669 bis
550 636 656 670 inter
698 633 795 670 duos
840 639 1001 670 exortus
1044 634 1161 670 lunae
1205 633 1385 671 adfluunt

211 686 351 736 bisque
382 692 563 723 remeant
593 689 736 723 w‘cenis
768 690 1051 736 quaternisque
1081 700 1238 736 semper
1266 686 1387 731 horis,

214 745 256 776 et
290 742 463 788 primum
500 740 711 776 attollente
747 753 789 776 se
825 753 915 776 cum
952 753 1000 777 ea
1033 740 1182 777 mundo
1217 743 1388 777 intume-

211 799 383 836 scenteS,
408 806 499 829 mox
528 806 550 828 a
575 793 793 830 meridiano
819 793 920 830 caeli
944 793 1102 843 fastigio
1128 799 1321 843 vergente
1347 796 1388 829 in

213 859 395 882 occasum
418 846 652 890 residentes,
674 860 887 896 rursusque
912 848 962 884 ab
987 860 1126 883 occasu
1150 847 1222 883 sub
1246 845 1387 884 terra1

213 899 264 936 ad
285 899 383 936 caeli
406 902 484 935 ima
512 906 554 936 et
580 900 797 936 meridiano
819 904 1016 936 contraria
1038 900 1254 937 accedente
1275 903 1388 936 inun-

212 952 368 996 dantes,
391 952 480 989 hinc
505 953 631 989 donec
654 956 800 990 iterum
825 956 1025 990 exoriatur
1048 967 1090 990 se
1113 954 1388 997 resorbentes3

128 1010 193 1042 213
216 1019 289 1042 nec
331 1019 520 1055 umquam
564 1006 706 1043 eodem
747 1013 930 1056 tempore
973 1020 1050 1056 quo
1092 1006 1220 1056 pridie
1261 1006 1388 1051 reflui,

213 1059 349 1097 velut²
386 1059 618 1096 anhelantes
634 1060 650 1083 3
688 1059 817 1097 sidere
863 1060 976 1097 avido
1021 1059 1209 1097 trahente
1254 1073 1389 1097 secum

212 1112 357 1149 haustu
405 1116 530 1149 maria
581 1119 622 1150 et
671 1113 834 1150 adsidue
883 1113 1042 1150 aliunde
1092 1127 1211 1163 quam
1258 1113 1387 1163 pridie

213 1168 441 1209 exoriente3
478 1167 636 1216 paribus
660 1173 797 1203 tamen
819 1167 1036 1204 intervallis
1058 1170 1247 1217 reciproci
1269 1170 1390 1203 senis-

213 1232 291 1269 que
317 1233 475 1269 semper
500 1219 620 1264 horis,
646 1233 725 1257 non
750 1224 938 1270 cuiusque
965 1220 1043 1257 diei
1070 1227 1139 1257 aut
1165 1223 1291 1257 noetis
1319 1226 1388 1257 aut

211 1272 287 1310 loci
333 1273 404 1309 sed
439 1274 806 1323 aequinoctialibus,
840 1274 1009 1323 ideoque
1044 1274 1272 1323 inaequales
1308 1273 1388 1310 vol-

212 1329 367 1377 garium
392 1326 579 1363 horarum
604 1330 732 1377 spatio
759 1333 976 1377 utcumque
1001 1327 1134 1377 plures
1160 1331 1201 1364 in
1227 1340 1292 1364 eos
1320 1332 1389 1364 aut

213 1380 291 1417 diei
313 1385 382 1416 aut
404 1383 529 1417 noctis
544 1381 701 1417 illarum
716 1394 926 1418 mensurae
941 1381 1102 1425 cadunt,
1119 1387 1159 1418 et
1181 1383 1390 1430 aequinoc-

127 1437 193 1470 214
217 1436 273 1470 tio
322 1439 481 1470 tantum
531 1447 645 1484 pares
695 1435 854 1484 ubique.
926 1437 1065 1484 ingens
1109 1440 1389 1484 argumentum

213 1487 456 1536 plenumque
473 1487 584 1531 lucis,
602 1501 646 1524 ac
665 1491 768 1524 vocis
788 1491 909 1524 etiam
927 1487 1099 1531 diuinae,
1116 1487 1283 1524 hebetes
1303 1500 1389 1524 esse

213 1543 279 1590 qui
308 1546 459 1590 negent
481 1547 755 1590 suptermeare
777 1541 908 1578 sidera
930 1554 974 1579 ac
1002 1554 1133 1578 rursus
1158 1541 1299 1578 eadem
1323 1553 1390 1577 ex-

212 1606 391 1644 surgere,
410 1594 658 1644 similemque
687 1598 820 1639 tersis,
837 1598 958 1632 immo
987 1608 1081 1632 vero
1110 1601 1277 1631 naturae
1305 1596 1390 1631 uni-

354 1699 366 1718 1
389 1699 576 1741 ΒεῖΖεῙεεηε
605 1699 733 1730 subter.
900 1700 913 1718 2
936 1699 1068 1732 Rueck:
1096 1699 1192 1731 reflui
1206 1702 1258 1731 ut.

429 1742 442 1761 ⁸
467 1742 624 1783 Mayhoff
635 1744 689 1785 (⁶f·
707 1742 799 1774 Mela
814 1743 871 1774 ΙΙΙ
885 1744 919 1782 2)
935 1755 942 1774 :
971 1743 1183 1774 ancillantes.

257 1853 271 1869 ⁰
293 1849 365 1880 The
387 1850 523 1881 Roman
545 1850 631 1881 hour
651 1860 720 1881 was
742 1861 763 1881 a
786 1850 920 1882 twelfth
943 1853 1022 1892 part
1045 1850 1084 1881 of
1101 1850 1215 1882 actual
1237 1849 1390 1892 daytime

216 1902 253 1923 or
275 1903 307 1923 ni
301 1893 384 1929 th-
389 1894 482 1930 time,
507 1893 587 1924 thus
610 1894 753 1934 varying
777 1894 812 1924 in
832 1893 951 1934 length
972 1893 1184 1934 throughout
1206 1893 1265 1924 the
1286 1903 1386 1934 year3

213 1935 280 1966 and
301 1930 381 1976 only
401 1939 439 1967 at
459 1918 518 1967 the
538 1937 685 1976 equinox
706 1947 774 1967 was
793 1947 814 1967 a
834 1936 968 1967 diurnal
987 1936 1074 1967 hour
1076 1920 1193 1976 <³equal
1212 1940 1250 1967 to
1269 1947 1291 1968 a
1309 1946 1387 1968 noo-

212 1979 327 2009 turnal
342 1979 438 2017 hour,
457 1989 501 2010 an
517 1983 617 2010 exact
633 1982 778 2021 twenty
768 1979 899 2011 fourth
915 1979 954 2010 of
966 1979 1033 2020 day
1050 1979 1118 2010 and
1136 1979 1243 2020 night.

213 2050 283 2087 342
