1471 2326
118 352 160 384 95

119 1265 162 1297 96

386 124 553 162 PLINY
567 137 575 162 z
626 124 890 162 NATURAL
924 124 1162 163 HISTORY

183 226 250 263 alii
262 240 357 264 vero
372 229 437 276 qui
452 228 560 263 nasci
573 239 712 263 umore
726 225 894 263 fortuito
909 231 951 263 et
965 228 1081 276 ignea
1096 228 1148 270 vi,
1160 225 1330 276 ideoque
1342 221 1358 247 ²

183 287 291 324 solvi.

237 348 382 384 XXIV.
439 347 552 384 Idem
580 347 832 397 Hipparchus
861 361 1078 397 numquam
1105 350 1201 385 satis
1229 347 1363 384 lauda-

184 415 263 452 tus,
290 414 336 446 ut
365 422 443 458 quo
470 422 588 445 nemo
615 412 742 458 magis
772 408 1056 458 adprobaverit
1083 411 1361 459 cognationem

184 483 275 506 cum
293 469 452 506 homine
472 470 647 506 siderum
666 472 897 519 animasque
921 475 1076 506 nostras
1095 475 1253 518 partem
1277 482 1363 506 esse

184 531 299 574 caeli,
327 543 470 567 novam
498 530 690 567 stellam2
719 533 760 566 in
788 543 885 567 aevo
914 543 985 566 suo
1015 533 1194 580 genitam
1223 529 1364 579 depre-

184 590 339 635 hendit,
370 593 534 640 eiusque
564 597 678 628 motu
708 591 817 641 qua3
846 590 959 628 fulsit
989 591 1041 628 ad
1070 591 1363 628 dubitationem

186 658 247 688 est
270 652 464 688 adductus
488 665 591 688 anne
613 651 687 689 hoc
709 655 865 701 saepius
889 652 1005 688 fieret
1027 657 1364 701 moverenturque

186 719 228 749 et
258 725 330 749 eae
360 726 456 762 quas
486 719 673 762 putamus
704 713 869 756 adfixas,
899 712 1102 761 ideoque4
1131 725 1250 749 ausus
1280 725 1365 749 rem

185 776 307 810 etiam
331 773 407 810 deo
430 774 653 823 inprobam,
677 774 941 810 adnumerare
964 776 1135 822 posteris
1159 773 1295 809 stellas
1320 786 1365 810 ac

183 834 316 871 sidera
341 834 391 871 ad
416 847 563 871 nomen
589 847 820 884 expungere
845 837 1003 883 organis
1031 837 1268 884 excogitatis
1293 847 1366 883 per

186 908 289 945 quae
315 895 561 945 singularum
587 895 674 931 loca
701 901 823 944 atque
849 894 1148 944 magnitudines
1174 898 1366 945 signaret,

185 962 231 992 ut
253 955 370 992 facile
392 956 563 992 discerni
586 962 722 1005 posset
747 969 797 992 ex
821 969 868 992 eo
891 968 971 992 non
993 955 1111 992 modo
1134 968 1185 991 an
1208 956 1366 993 obirent

185 1030 230 1053 ac
267 1022 527 1053 nascerentur
562 1017 632 1053 sed
670 1029 721 1053 an
757 1019 916 1053 omnino
953 1016 1110 1065 aliquae
1146 1019 1366 1053 transirent

184 1083 535 1127 moverenturque,
555 1081 654 1114 item
675 1091 725 1114 an
745 1083 975 1114 crescerent
995 1080 1366 1127 minuerenturque‚

184 1138 296 1175 caelo
322 1141 363 1174 in
388 1138 615 1175 hereditate
642 1142 794 1175 cunctis
820 1138 976 1181 relicto,
1002 1141 1033 1174 si
1061 1141 1271 1188 quisquam
1299 1141 1365 1188 qui

185 1202 405 1236 cretionem
425 1212 513 1236 eam
532 1205 697 1248 caperet
715 1202 898 1235 inventus
920 1204 1038 1235 esset.

239 1260 362 1297 XXV.
418 1260 602 1296 Emicant
633 1266 675 1297 et
705 1259 811 1296 faces
842 1273 921 1296 non
951 1262 1025 1296 nisi
1055 1273 1145 1296 cum
1175 1259 1365 1297 decidunt

187 1324 307 1365 visae,
324 1321 449 1370 qualis
469 1321 707 1358 Germanico
725 1321 896 1357 Caesare
913 1320 1196 1370 gladiatorium
1212 1327 1366 1370 specta-

185 1382 318 1419 culum
344 1382 490 1419 edente
515 1388 678 1431 praeter
702 1395 772 1418 ora
796 1381 932 1431 populi
951 1381 1170 1418 meridiano
1188 1387 1366 1420 transcu-

186 1446 322 1479 currit.
396 1443 474 1479 duo
516 1456 667 1492 genera
710 1455 868 1479 earum:
922 1442 1122 1479 alterum5
1163 1443 1365 1492 lampadas

187 1510 342 1547 vocant,
356 1504 475 1553 plane
489 1503 611 1547 faces,
625 1503 799 1540 alterum
813 1503 980 1547 bolidas,
995 1503 1112 1553 quale
1129 1503 1367 1540 Mutinensi-

186 1564 258 1601 bus
292 1565 406 1601 malis
440 1567 568 1601 visum
604 1570 677 1601 est.
732 1564 884 1601 distant
918 1564 1025 1614 quod
1057 1563 1164 1601 faces
1198 1567 1367 1615 vestigia

326 1658 339 1678 ¹
363 1660 496 1698 eoque?
513 1657 692 1689 Rackham.

327 1701 339 1720 ²
363 1700 528 1742 Detlessen
543 1712 550 1731 :
581 1701 716 1731 stellam
735 1703 769 1731 et
786 1700 899 1737 aliam,
917 1699 1053 1732 stellam
1071 1699 1125 1731 vel
1141 1700 1254 1731 aliam.

327 1742 341 1761 ⁸
365 1743 418 1774 tal.
435 1753 504 1783 qua
520 1743 584 1774 die.

330 1786 342 1805 ¹
366 1785 418 1817 v.l.
437 1785 604 1826 idemque.

328 1828 341 1847 ⁶
364 1828 511 1859 alterum
528 1828 602 1859 add.
622 1827 801 1859 Rackham.

232 1935 247 1950 ⁴²
270 1930 424 1971 Possibly
453 1929 512 1961 the
539 1932 616 1961 text
643 1929 765 1962 should
794 1929 835 1962 be
862 1930 993 1962 altered
1020 1933 1057 1963 to
1083 1931 1161 1973 give
1190 1929 1198 1943 ‘
1212 1930 1282 1963 and
1309 1941 1366 1963 are

185 1972 355 2004 dissolved
372 1973 445 2004 into
461 1972 579 2005 them:

185 2034 257 2084 238
