1471 2326
373 126 563 165 PLINY:
612 128 875 166 NATURAL
910 128 1146 166 HISTORY

169 227 362 279 formas‚¹)
389 242 462 266 nec
490 235 652 266 exortus
679 232 753 266 nisi
780 232 820 266 in
847 230 999 266 duobus
1026 233 1147 280 signis
1173 237 1348 276 tantum,

167 285 298 318 cancri
333 287 374 319 et
406 282 546 326 leonis,
578 283 694 319 simul
729 282 864 327 edere,
901 283 1078 320 Mercuri
1113 297 1208 321 vero
1242 286 1348 322 sidus

168 340 330 372 exortus
350 338 596 385 vespertinos
615 339 656 372 in
674 337 844 385 piscibus
863 350 972 373 raros
991 336 1138 381 facere,
1157 338 1349 374 creberri—

167 401 252 424 mos
272 390 313 424 in
332 391 497 438 virgine,
516 391 558 425 in
575 389 677 426 libra
697 392 933 434 matutinos,
953 392 1051 426 item
1070 393 1287 427 matutinos
1308 394 1348 426 in

167 444 344 490 aquario,
361 444 580 478 rarissimos
600 444 640 478 in
660 442 790 487 leone,
809 442 1092 492 retrogradum
1111 445 1152 478 in
1170 448 1286 480 tauro
1307 449 1349 480 et

166 495 207 529 in
233 496 400 543 geminis
426 507 507 531 non
533 494 632 539 fieri,
657 498 699 532 in
725 508 869 533 cancro
897 509 992 532 vero
1018 508 1097 532 non
1123 498 1223 532 citra
1248 499 1349 533 vice-

104 551 145 582 78
170 548 311 583 simam
336 549 514 597 quintam
539 554 714 598 partem,
737 547 872 584 lunam
895 549 954 585 bis
979 551 1128 585 coitum
1151 562 1242 585 cum
1264 548 1348 586 sole

99 1186 141 1217 79

168 601 207 636 in
235 599 344 636 nullo
372 600 449 637 alio
477 603 589 650 signo
618 600 749 638 facere
778 614 897 650 quam
925 604 1107 651 geminis,
1134 614 1214 638 non
1241 604 1348 639 coire

167 652 380 702 aliquando
420 655 460 689 in
498 656 708 703 sagittario
747 660 921 697 tantum,
960 657 1212 691 novissimam
1253 668 1348 692 vero

167 708 417 756 primamque
443 706 584 743 eadem
609 707 673 744 die
699 707 763 743 vel
787 713 905 743 nocte
930 707 1040 744 nullo
1066 707 1143 744 alio
1167 710 1207 743 in
1233 711 1346 757 signo

168 771 288 808 quam
316 762 443 796 ariete
471 763 643 809 conspici
683 760 739 810 (id
768 773 925 810 quoque
954 763 1088 809 paucis
1117 761 1347 797 mortalium

166 814 350 862 contigit,
387 818 430 849 et
482 813 575 849 inde
630 812 736 849 fama
779 812 968 850 cernendi
1029 813 1220 864 Lynceo),
1267 826 1347 850 non

164 877 383 914 conparere
420 868 461 901 in
498 865 610 902 caelo
647 865 806 902 Saturni
845 866 951 902 sidus
991 872 1033 902 et
1074 865 1217 903 Martis
1256 880 1346 903 cum

166 917 379 967 plurimum
404 918 543 955 djebus
568 924 731 955 centum
754 922 1026 968 septuaginta,
1052 918 1153 955 Iovis
1178 922 1347 969 triginta

166 983 251 1014 seX,
270 977 341 1008 aut
359 984 450 1008 cum
468 974 676 1008 minimum
696 972 807 1008 denis
829 971 1023 1008 detractis
1043 972 1182 1008 diebus
1203 975 1348 1017 omnia,

166 1022 332 1060 Veneris
362 1027 574 1074 sexaginta
602 1038 746 1061 novem
776 1030 845 1061 aut
875 1038 965 1061 cum
994 1027 1204 1061 minimum
1235 1028 1347 1074 quin-

165 1079 359 1126 quaginta
383 1076 551 1121 duobus,
579 1077 757 1114 Mercuri
782 1078 978 1114 tredecim
1004 1083 1073 1114 aut
1099 1091 1188 1114 cum
1213 1078 1347 1127 pluru-

163 1142 274 1166 mum
293 1130 592 1180 septemdecim.

216 1182 324 1220 XVI.
378 1182 541 1220 Colores
569 1186 671 1220 ratio
700 1183 958 1220 altitudinum
985 1189 1202 1233 temperat,
1229 1187 1347 1234 siqui-

165 1234 258 1272 dem
289 1249 427 1272 earum
455 1237 757 1273 similitudinem
787 1236 954 1273 trahunt
983 1239 1024 1273 in
1054 1250 1221 1286 quarum
1252 1250 1346 1274 aera

164 1301 312 1326 venere
337 1289 559 1333 subeundo,
584 1293 814 1340 tinguitque
842 1290 1208 1339 adpropinquantes
1236 1296 1344 1327 utra-

163 1341 263 1379 libet
296 1342 413 1379 alieni
447 1348 603 1379 meatus
637 1343 820 1386 circulus,
852 1342 1034 1392 frigidior
1067 1346 1107 1379 in
1139 1343 1347 1392 pallorem,

164 1394 368 1432 ardentior
409 1397 450 1431 in
492 1396 692 1439 ruborem,
734 1401 921 1432 ventosus
964 1398 1004 1432 in
1047 1396 1244 1440 livorem,2
1285 1396 1345 1433 sol

165 1453 287 1497 atque
313 1451 594 1485 commissurae
622 1449 817 1498 apsidum,
854 1455 1141 1498 extremaeque
1178 1449 1346 1494 orbitae,

165 1507 296 1538 atram
326 1504 367 1537 in
397 1502 696 1539 obscuritatem.
749 1515 841 1539 suus
874 1501 1035 1551 quidem
1066 1505 1209 1551 cuique
1239 1502 1348 1539 color

165 1559 241 1598 est,
277 1553 449 1591 Saturno
485 1555 689 1599 candidus,
728 1555 809 1592 Iovi
846 1555 989 1599 clarus,
1028 1554 1154 1592 Marti
1190 1558 1345 1605 igneus,

165 1606 351 1644 Lucifero
406 1608 594 1652 candens,
648 1608 816 1658 Vesperi
870 1607 1087 1658 refulgens,
1145 1607 1348 1645 Mercurio

162 1660 334 1705 radians,
360 1660 477 1698 lunae
504 1661 686 1705 blandus,
711 1661 783 1699 soli
810 1674 901 1698 cum
920 1664 1046 1698 oritur
1072 1661 1229 1705 ardens,
1254 1667 1347 1711 post

414 1735 430 1798 ἒ
451 1736 523 1775 [qui
548 1759 556 1767 .
582 1760 590 1766 .
615 1759 624 1768 .
646 1735 814 1774 formas]?
830 1735 1010 1767 Raclcluzm.

453 1779 494 1809 M
496 1778 610 1819 ayhoff
621 1790 629 1810 ε
658 1778 832 1809 horrorem
846 1782 905 1809 aut
919 1778 1095 1810 honorem.

209 1881 224 1897 ⁶
247 1877 409 1918 Literally
431 1877 439 1889 ‘
455 1877 564 1908 which
585 1877 729 1908 number
749 1877 915 1918 produces
935 1877 994 1909 the.
1014 1877 1203 1918 hexagonal
1224 1878 1346 1919 shapes

163 1920 203 1951 of
219 1920 278 1951 the
299 1921 404 1951 world
421 1920 678 1961 '—apparently
700 1921 858 1961 meaning
880 1920 958 1951 that
979 1924 1016 1951 to
1037 1920 1129 1951 draw
1151 1921 1186 1951 in
1206 1931 1227 1951 a
1249 1921 1346 1951 circle

164 1964 183 1994 6
202 1963 287 1994 radii
306 1966 343 1994 at
362 1963 477 2003 angles
496 1963 535 1994 of
549 1963 607 1994 600
626 1962 695 1994 and
713 1963 785 2003 join
804 1963 862 1993 the
881 1964 996 2004 points
1015 1963 1124 1994 where
1143 1963 1225 2004 they
1244 1963 1344 1994 reach

165 2005 224 2036 the
247 2005 508 2037 circumference
529 2005 696 2048 produces
718 2016 739 2037 a
761 2006 894 2048 regular
915 2005 1082 2048 hexagon.
1129 2005 1226 2037 Even
1248 2005 1277 2037 if
1296 2015 1345 2038 we

166 2061 236 2086 222
