1471 2326
437 133 603 171 PLINY
619 148 627 171 :
661 135 927 172 NATURAL
962 134 1198 173 HISTORY

229 238 364 273 maria.
439 249 542 285 quae
588 236 740 273 insulae
786 239 1009 273 continenti
1055 237 1269 275 adiunctae
1315 240 1406 276 sint.

229 303 332 339 quae
353 296 485 325 terrae
506 291 545 325 in
566 294 699 325 totum
718 291 818 325 mari
836 295 1105 338 permutatae.
1152 303 1255 340 quae
1276 297 1407 328 terrae

228 345 336 392 ipsae
362 355 404 379 se
429 344 658 378 minuerint.
711 343 828 378 urbes
852 341 1021 379 haustae
1047 345 1159 380 mari.
1212 343 1317 393 (xcv)
1344 344 1407 381 De

228 395 442 444 spiraculis.
509 395 629 444 (xcvi)
670 394 734 431 De
773 397 890 432 terris
929 408 1088 446 semper
1125 397 1405 434 trementibus.

228 448 278 485 de
301 447 436 485 insulis
458 461 616 497 semper
637 447 935 485 fluctuantibus.
984 448 1118 498 (xcvii)
1141 448 1294 495 Quibus
1315 449 1409 487 locis

228 514 306 537 non
334 500 516 550 impluat.
573 501 722 550 (xcviii)
751 502 951 538 Acervata
978 507 1177 538 terrarum
1204 503 1406 539 miracula.

228 555 334 604 (xcix
351 554 396 603 f.)
439 553 529 600 Qua
575 556 730 591 ratione
778 560 913 591 aestus
959 557 1078 591 maris
1125 555 1319 592 accedant
1367 561 1409 593 et

226 606 430 644 recedant.
485 607 552 643 ubi
581 613 715 643 aestus
743 613 859 644 extra
884 609 1082 644 rationem
1109 608 1216 644 idem
1243 607 1406 645 faciant.

228 660 368 710 (ci-cv)
413 659 610 696 Miracula
650 662 791 696 maris:
830 673 933 710 quae
975 663 1159 710 potentia
1200 661 1318 698 lunae
1356 661 1408 698 ad

228 720 388 750 terrena
413 718 455 750 et
478 716 646 757 marina,
673 726 777 763 quae
804 713 907 750 solis.
961 727 1085 763 quare
1112 713 1258 750 salsum
1284 727 1407 751 mare.

227 767 293 803 ubi
331 766 567 802 altissimum
603 779 725 803 mare.
790 766 881 816 (cvi)
921 766 1123 803 Mirabilia
1158 767 1329 803 fontium
1367 772 1408 804 et

226 819 447 858 fluminum.
518 819 701 869 (cvii—cx)
747 819 906 869 Ignium
950 826 991 856 et
1036 833 1229 869 aquarum
1273 822 1407 857 iuncta

225 872 437 909 miracula:
465 872 515 908 de
530 871 707 915 maltha;
735 872 785 909 de
799 872 1005 922 naphtha3
1033 886 1136 922 quae
1150 872 1236 909 loca
1249 886 1407 923 semper

227 925 407 962 ardeant.
476 926 570 975 (cxi)
614 925 772 975 Ignium
820 939 891 975 per
938 939 980 962 se
1028 925 1229 962 miracula.
1298 926 1407 976 (cxii)

225 979 372 1015 Terrae
392 981 599 1015 universae
620 992 816 1015 mensura.
864 979 988 1028 (cxiii)
1008 979 1251 1015 Harmonica
1269 979 1406 1016 mundi

226 1034 339 1068 ratio.
401 1031 586 1068 Summa:
636 1045 698 1068 res
734 1037 775 1068 et
809 1031 998 1068 historiae
1034 1038 1076 1068 et
1110 1033 1408 1069 observationes

225 1084 488 1122 CCCCXVII.

278 1138 341 1174 Ex
367 1138 617 1174 auctoribus:
660 1137 718 1174 M.
746 1137 937 1182 Varrone,
964 1137 1136 1187 Sulpicio
1163 1137 1291 1182 Gallo,
1316 1138 1408 1175 Tito

227 1189 397 1227 Caesare
435 1193 692 1240 imperatore,
731 1190 780 1236 Q.
819 1190 1045 1234 Tuberone,
1082 1190 1210 1227 Tullio
1247 1191 1407 1235 Tirone,

228 1243 272 1280 L.
296 1242 453 1288 Pisone,
473 1243 517 1280 T.
542 1243 666 1286 Livio,
689 1243 871 1280 Cornelio
893 1243 1066 1293 Nepote,
1088 1243 1251 1288 SebOSO,
1272 1243 1408 1280 Caelio

226 1297 457 1346 Antipatro,
485 1297 674 1340 Fabiano,
701 1297 882 1340 Antiate,
912 1296 1115 1340 Muciano,
1142 1296 1314 1333 Caecina
1340 1299 1405 1346 qui

226 1349 277 1386 de
319 1350 489 1386 Etrusca
530 1349 750 1399 disciplina,
791 1350 998 1399 Tarquitio
1040 1351 1107 1399 qui
1150 1352 1263 1394 item,
1307 1350 1406 1386 Iulio

226 1403 373 1452 Aquila
386 1405 452 1452 qui
465 1405 578 1446 item,
591 1402 729 1451 Sergio
742 1401 892 1439 Paullo.
932 1403 1120 1439 Externis
1135 1416 1142 1438 :
1156 1402 1402 1452 Hipparcho,

225 1456 403 1499 Timaeo,
432 1455 636 1505 Sosigene‚
666 1455 848 1499 Petosiri,
878 1455 1087 1505 Nechepso
1117 1455 1406 1506 Pythagoricis,

227 1507 450 1553 Posidonio,
479 1509 793 1552 Anaximandro,
822 1509 1018 1558 Epigene,
1046 1509 1229 1553 Eudoxo,
1258 1510 1406 1545 Demo-

224 1564 338 1606 crito,
373 1562 617 1606 Critodemo,
650 1561 870 1611 Thrasyllo
905 1561 1120 1612 Serapione
1154 1564 1406 1611 gnomonico,

225 1591 405 1659 Euclide,
420 1615 598 1651 Coerano
611 1614 858 1664 philosopho,
874 1614 1136 1659 Dicaearcho,
1150 1614 1406 1659 Archimede,

226 1644 466 1712 Onesicrito,
553 1667 837 1712 Eratosthene,
926 1667 1096 1718 Pythea‚
1184 1668 1405 1712 Herodoto,

226 1721 459 1765 Aristotele,
509 1720 657 1764 Ctesia,
707 1720 962 1757 Artemidoro
1012 1720 1200 1770 Ephesio,
1252 1721 1403 1758 Isidoro

226 1774 469 1817 Characeno,
487 1773 757 1823 Theopompo.

277 1827 397 1864 Libro
416 1827 491 1863 III.
510 1830 767 1863 continentur
785 1829 897 1870 situs,
914 1833 1071 1876 gentes,
1089 1830 1228 1870 maria,
1246 1827 1406 1876 oppida,

226 1886 377 1930 portus,
404 1886 575 1923 montes,
603 1879 779 1923 flumina,
805 1892 1030 1923 mensurae,
1057 1879 1190 1929 populi
1219 1882 1285 1929 qui
1313 1886 1406 1916 sunt

225 1939 295 1970 aut
312 1935 378 1983 qui
396 1933 557 1969 fuerunt
575 1934 646 1981 (iii)
663 1933 865 1976 Baeticae,
882 1934 950 1982 (iv)
968 1933 1184 1982 Hispaniae
1201 1935 1407 1977 citerioris,

226 1987 280 2034 (v)
328 1986 595 2023 Narbonensis
640 1988 879 2036 provinciae,
924 1987 1046 2036 (vi—x)
1093 1986 1235 2024 Italiae
1282 1998 1404 2036 usque

228 2059 274 2091 28
