1471 2326
396 129 562 169 PLINY
578 145 586 169 ε
620 132 884 170 NATURAL
918 132 1156 170 HISTORY

190 231 330 269 diebus
346 233 598 283 totidemque
613 240 704 283 post
721 247 809 270 eam
824 237 1016 271 sternitur
1030 247 1140 271 mare
1157 234 1364 284 alcyonum

191 290 363 334 feturae,
404 292 510 328 unde
552 305 698 329 nomen
738 292 777 328 hi
819 293 903 329 dies
943 299 1118 329 traxere.
1171 294 1365 342 reliquom

191 354 350 398 tempus
381 349 543 387 hiemat.
609 364 683 387 nec
713 357 852 387 tamen
880 354 1046 388 saevitia
1075 357 1364 400 tempestatum

189 407 314 444 cludit
330 408 344 431 1
367 422 499 445 mare:
537 412 691 458 piratae
711 413 885 458 primum
913 423 1083 460 coegere
1103 412 1242 446 mortis
1264 412 1368 459 peri-

190 466 278 503 culo
296 470 336 502 in
353 474 524 504 mortem
542 481 658 504 ruere
678 474 718 504 et
736 467 903 504 hiberna
921 471 1093 518 experiri
1108 471 1247 511 maria,
1263 481 1367 504 nunc

191 525 297 561 idem
319 525 391 561 hoc
413 529 577 562 avaritia
597 529 715 576 cogit.

109 587 172 618 126
244 583 432 620 XLVIII.
462 584 683 621 Ventorum
717 588 839 622 etiam
870 585 1111 636 frigidissimi
1144 591 1237 622 sunt
1270 598 1367 635 quos

192 654 214 677 a
237 646 512 690 septentrione
535 643 705 679 diximus
729 647 878 692 spirare
903 650 944 681 et
968 647 1115 680 vicinus
1138 643 1197 680 his
1221 643 1368 680 Corus:

194 699 233 735 hi
264 706 305 736 et
331 701 503 750 reliquos
532 707 775 750 conpescunt
796 708 838 739 et
856 702 982 738 nubes
1011 703 1190 752 abigunt.
1244 701 1365 738 umidi

192 758 348 795 Africus
377 766 418 796 et
444 763 659 809 praecipue
686 761 836 797 Auster
863 761 1027 803 Italiae3
1070 766 1234 797 narrant
1261 766 1302 797 et
1328 763 1368 797 in

192 816 319 854 Ponto
349 817 519 854 Caccian
549 821 588 854 in
617 832 659 855 se
687 818 850 855 trahere
879 819 1017 855 nubes.
1070 821 1162 855 sicci
1191 818 1315 855 Corus
1330 826 1370 855 et

191 875 406 912 Volturnus
436 882 721 926 praeterquam
745 877 985 914 desinentes.
1040 877 1188 913 nivales
1222 876 1368 926 Aquilo

191 939 234 970 et
274 933 527 983 Septentri03
583 935 797 985 grandines
838 935 1068 985 Septentrio
1108 938 1286 985 inportat
1327 941 1367 972 et

191 992 327 1029 Corus.
382 999 588 1030 aestuosus
605 995 768 1038 Auster,
782 995 909 1043 tepidi
923 994 1139 1031 Volturnus
1156 1000 1198 1031 et
1219 995 1369 1030 Favon-

191 1053 273 1093 ius3
312 1052 417 1088 idem
442 1051 661 1089 Subsolano
684 1055 881 1096 sicciores,
904 1058 946 1090 et
968 1055 1008 1089 in
1029 1058 1162 1089 totum
1185 1065 1321 1089 omnes
1345 1065 1367 1088 a

191 1108 473 1158 Septentrione
498 1117 539 1147 et
567 1111 774 1148 occidente
802 1114 985 1148 sicciores
1015 1124 1133 1160 quam
1157 1124 1180 1147 a
1202 1111 1368 1147 meridie

108 1172 171 1203 127
195 1175 236 1205 et
268 1171 435 1206 oriente.
500 1170 782 1206 saluberrimus
821 1176 957 1207 autem
995 1173 1170 1206 omnium
1209 1170 1369 1219 Aquilo,

191 1231 330 1263 noxius
353 1229 503 1264 Auster
527 1234 567 1265 et
589 1232 715 1278 magis
737 1231 876 1272 sicem,
897 1228 1075 1266 fortassis
1099 1232 1191 1278 quia
1212 1228 1367 1265 umidus

190 1284 370 1335 frigidior
400 1293 483 1329 est3
529 1290 656 1323 minus
688 1290 838 1324 esurire
869 1300 916 1324 eo
945 1290 1123 1336 spirante
1151 1287 1369 1324 creduntur

191 1347 426 1381 animantes.
482 1345 643 1381 Etesiae
665 1351 785 1381 noctu
807 1345 994 1381 desinunt
1016 1345 1116 1389 fere,
1138 1351 1180 1382 et
1202 1358 1225 1381 a
1245 1347 1368 1382 tertia

191 1401 269 1438 diei
296 1401 393 1438 hora
419 1405 622 1446 oriuntur3
664 1405 705 1438 in
729 1403 923 1452 Hispania
949 1409 990 1440 et
1016 1404 1112 1440 Asia
1137 1403 1187 1439 ab
1213 1405 1367 1439 oriente

191 1459 307 1496 flatus
335 1467 396 1497 est
423 1474 575 1505 eorum,
599 1464 639 1497 in
665 1461 793 1498 Ponto
827 1462 877 1497 ab
903 1462 1116 1511 Aquilone,
1141 1461 1302 1511 reliquis
1327 1464 1367 1497 in

190 1519 368 1568 partibus
391 1532 413 1555 a
434 1519 612 1556 meridie.
667 1523 818 1569 spirant
841 1526 977 1556 autem
999 1526 1039 1557 et
1061 1533 1084 1556 a
1102 1520 1258 1564 bruma,
1278 1533 1367 1556 cum

189 1584 380 1614 vocantur
413 1578 636 1621 Ornithiae,
668 1578 739 1614 sed
769 1578 940 1615 leniores
973 1584 1015 1615 et
1045 1581 1180 1628 paucis
1213 1578 1364 1615 diebus.

190 1635 427 1673 Permutant
447 1643 488 1673 et
507 1637 585 1673 duo
603 1643 788 1673 naturam
806 1651 896 1673 cum
914 1640 1007 1681 situ,
1026 1638 1189 1681 Auster,
1207 1636 1367 1673 Africae

107 1699 169 1730 128
192 1708 370 1739 serenus,
401 1696 547 1745 Aquilo
578 1696 746 1732 nubilus.
801 1709 937 1732 omnes
969 1698 1078 1732 venti
1110 1696 1256 1732 vicibus
1288 1699 1366 1732 suis

188 1756 341 1802 spirant
364 1757 514 1790 maiore
538 1767 587 1790 ex
609 1759 725 1803 parte
748 1757 805 1791 ita
828 1760 872 1791 ut
889 1754 903 1776 2
925 1757 1145 1790 contrarius
1169 1754 1366 1791 desinenti

229 1827 241 1846 1
482 1829 487 1834 .

227 1870 240 1889 ²
263 1828 544 1913 i’tgfffffflilffien
560 1883 566 1902 :
595 1875 656 1902 aut
676 1874 715 1902 ut
730 1876 787 1904 aut
804 1874 921 1902 autem
939 1873 1068 1911 (autem
1084 1874 1124 1903 ut
1141 1871 1320 1913 Mayhoff).

233 1961 248 1975 ‘²
270 1957 304 1988 It
318 1968 387 1988 was
400 1957 549 1998 thought
563 1957 641 1988 that
654 1958 750 1988 there
765 1968 832 1989 was
845 1958 910 1989 less
923 1957 1106 1989 likelihood
1120 1957 1158 1989 of
1167 1961 1361 1989 eneounter-

188 2000 244 2041 ing
262 2001 388 2041 pirates
406 2001 440 2031 in
458 2000 517 2031 the
534 2001 662 2032 winter.

185 2045 256 2080 266
