1471 2326
381 124 548 163 PLINY
561 139 571 163 z
619 125 882 163 NATURAL
917 125 1152 163 HISTORY

181 229 336 273 molles,
368 241 504 265 sensus
538 228 721 278 liquidos,
755 231 914 279 ingenia
947 228 1118 265 fecunda
1151 231 1356 275 totiusque

183 296 350 327 naturae
396 292 564 339 capacis,
604 290 731 327 isdem
771 292 952 339 imperia,
993 303 1095 339 quae
1136 303 1354 340 numquam

183 354 341 389 extimis
388 352 573 403 gentibus
616 351 781 395 fuerint,
822 354 924 388 sicut
965 364 1017 388 ne
1057 351 1150 388 illae
1193 351 1353 401 quidem

181 412 240 449 his
273 415 478 462 paruerint
511 412 667 449 avolsae
700 425 745 450 ac
776 425 849 462 pro
880 411 1159 450 immanitatel
1188 419 1355 450 naturae

182 477 387 524 urguentis
403 474 490 511 illas
509 474 720 511 solitariae.

99 540 157 573 191
235 535 418 572 LXXXI.
471 535 779 586 Babyloniorum
809 535 957 585 placita
988 541 1031 573 et
1060 541 1191 573 motus
1222 541 1356 573 terrae

177 596 389 647 hiatusque
402 610 480 647 qua
491 602 627 634 cetera
638 600 768 634 omnia
780 597 954 634 siderum
966 599 1002 633 vi
1016 599 1246 634 existimant
1258 597 1358 642 fieri,

182 658 254 695 sed
264 658 418 695 illorum
428 661 549 695 trium
562 658 701 708 quibus
714 658 878 696 fulmina
890 658 1114 709 adsignant,
1124 658 1207 695 fieri
1220 664 1357 695 autem

181 722 401 757 meantium
433 733 523 756 cum
554 720 637 757 sole
669 725 739 757 aut
771 723 1076 770 congruentium
1109 725 1152 757 et
1182 722 1357 757 maxime

179 784 284 818 circa
296 781 491 831 quadrata
508 781 656 818 mundi.
709 781 914 831 praeclara
929 781 1125 831 quaedam
1139 787 1181 818 et
1195 784 1359 819 inmort-

181 843 252 879 alis
285 845 326 879 in
360 856 421 887 eo,
446 846 478 879 si
502 843 712 887 credimus,
745 843 927 880 divinitas
953 842 1185 893 perhibetur
1209 843 1359 880 Anaxi-

182 904 349 941 mandro
370 904 528 941 Milesio
546 904 722 954 physico,
742 917 861 954 quem
879 903 1014 941 ferunt
1034 904 1357 941 Lacedaemoniis

181 965 427 1016 praedixisse
457 971 503 1003 ut
532 966 674 1003 urbem
704 979 750 1003 ac
779 971 890 1003 tecta
919 966 1179 1010 custodirent,
1209 968 1358 1003 instare

182 1030 288 1064 enim
311 1033 466 1064 motum
483 1033 631 1072 terrae,
651 1032 693 1065 et
715 1033 803 1064 tum
826 1028 917 1064 urbs
940 1032 1029 1064 tota
1052 1040 1189 1064 eorum
1211 1029 1358 1064 corruit

183 1095 226 1126 et
255 1089 427 1139 Taygeti
458 1092 603 1126 montis
635 1102 781 1139 magna
812 1102 902 1138 pars
934 1089 985 1126 ad
1015 1088 1184 1125 formam
1214 1091 1357 1138 puppis

182 1153 359 1187 eminens
376 1151 546 1200 abrupta
561 1151 714 1187 cladem
731 1164 820 1187 eam
835 1153 995 1200 insuper
1005 1153 1118 1186 ruina
1130 1148 1358 1201 oppressit.²

181 1211 415 1262 perhibetur
461 1218 502 1249 et
540 1212 761 1263 Pherecydi
799 1211 1052 1262 Pythagorae
1091 1212 1244 1249 doctori
1282 1211 1359 1248 alia

181 1276 433 1318 coniectatio,
455 1273 526 1311 sed
550 1280 591 1311 et
612 1274 680 1310 illa
703 1273 847 1318 divina,
870 1272 1015 1311 haustu
1038 1286 1166 1324 aquae
1190 1286 1212 1310 e
1234 1278 1358 1323 puteo

181 1338 446 1385 praesensisse
476 1349 520 1372 ac
547 1335 790 1385 praedixisse
823 1335 1002 1372 civibus3
1030 1340 1163 1372 terrae
1191 1340 1357 1372 motum.

99 1402 161 1434 192
187 1410 288 1446 quae
320 1400 352 1434 si
383 1410 477 1434 vera
509 1402 615 1441 sunt,
648 1403 842 1447 quantum
875 1409 898 1433 a
930 1396 1006 1433 deo
1037 1396 1202 1434 tandem
1234 1395 1360 1433 videri

182 1464 349 1509 possunt
372 1459 474 1496 tales
499 1458 648 1496 distare
673 1458 768 1495 dum
793 1457 953 1495 vivant?
1007 1464 1049 1495 et
1073 1457 1171 1495 haec
1197 1457 1358 1508 quidem

182 1520 348 1557 arbitrio
374 1523 563 1570 cuiusque
592 1519 856 1557 existimanda
881 1519 1178 1569 relinquantur:
1219 1524 1358 1556 ventos

182 1583 224 1619 in
240 1595 358 1618 causa
376 1595 461 1619 esse
478 1595 557 1619 non
575 1581 739 1619 dubium
754 1593 866 1625 reor3
896 1594 1026 1631 neque
1046 1584 1151 1618 enim
1168 1593 1358 1630 umquam

222 1660 234 1678 ¹
260 1660 460 1692 Hermolaus
504 1659 693 1691 Barbarus:
748 1660 907 1690 nuntiate
957 1664 1014 1692 aut
1062 1659 1197 1691 unitate
1246 1657 1351 1696 codd.;

184 1704 324 1734 numine
350 1703 518 1743 Mayhosf‚
535 1703 788 1744 perversitate?
815 1702 994 1743 Campbell.

225 1746 238 1764 ²
261 1746 450 1778 Rackham:
483 1746 619 1786 pressit.

221 1788 234 1807 ³
258 1789 388 1820 civibus
406 1789 447 1819 M
448 1788 562 1829 ayhoff
573 1800 580 1820 ε
610 1788 674 1819 tibi
689 1791 747 1819 aut
762 1787 809 1818 ibi
824 1791 882 1818 aut
897 1798 961 1818 om.
977 1786 1067 1819 codd.

225 1879 240 1894 ‘¹
263 1875 400 1912 Saturn,
417 1875 555 1915 Jupiter
570 1874 638 1905 and
653 1875 754 1911 Mars,
772 1874 814 1905 cf.
830 1875 845 1913 ἓ
860 1875 912 1906 82.

226 1918 239 1937 ²²
263 1918 321 1950 Le.
339 1929 395 1949 are
412 1919 446 1949 in
464 1918 683 1958 conjunction
699 1917 781 1948 with
799 1918 857 1948 the
876 1928 950 1954 sun,
968 1927 1006 1948 or
1024 1927 1121 1958 agree
1137 1916 1219 1947 with
1238 1916 1309 1947 him
1325 1916 1359 1947 in

179 1965 307 2002 aspect,
328 1961 397 1992 and
416 1961 637 2002 palticularly
656 1960 753 1991 when
773 1960 856 2002 they
875 1971 932 1991 are
950 1959 1082 1991 distant
1100 1959 1188 1991 from
1206 1959 1277 1990 him
1296 1968 1360 1990 oue

181 2008 320 2044 quarter
334 2004 372 2035 of
383 2004 441 2035 the
455 2004 587 2035 heaven
602 2004 775 2044 (Brotier).

181 2069 252 2105 32²
