1471 2326
378 127 546 166 PLINY
559 142 568 166 z
616 128 881 167 NATURAL
914 129 1151 168 HISTORY

180 234 355 281 incipiat.
409 245 499 268 cum
526 234 698 281 proximi
725 231 958 268 cadentibus
986 237 1169 282 surgunt,
1196 245 1219 268 a
1244 231 1357 269 laevo

181 293 309 330 latere
328 296 367 328 in
386 292 575 329 dextrum
593 298 639 329 ut
656 292 715 329 sol
733 293 926 330 ambiunt.
980 292 1031 329 de
1048 295 1202 330 ratione
1221 306 1358 329 eorum

181 360 388 390 menstrua
432 359 576 403 quarta
617 356 792 390 maxime
835 353 928 390 luna
971 353 1165 390 decernit.
1218 354 1358 391 iisdem

182 421 319 451 autem
370 417 498 451 ventis
549 417 591 450 in
640 417 884 451 contrarium
935 417 1145 464 navigatur
1194 414 1359 463 prolatis

182 475 364 525 pedibus,
379 481 423 512 ut
438 481 559 512 noctu
574 475 811 525 plerumque
827 475 994 512 adversa
1008 475 1096 512 vela
1111 481 1358 512 concurrant.

182 538 332 573 Austro
350 539 520 573 maiores
540 536 682 573 fluctus
703 536 876 573 eduntur
896 549 1015 586 quam
1034 536 1247 586 Aquilone,
1266 549 1361 585 quo-

182 601 288 633 niam
315 597 383 634 ille
411 596 588 634 infernus
619 610 668 634 ex
696 600 775 634 imo
803 600 901 634 mari
930 600 1068 646 spirat,
1096 597 1158 634 hic
1186 608 1362 641 summ03

182 658 353 708 ideoque
377 664 469 708 post
492 659 662 695 Austros
687 661 794 695 noxii
818 661 1033 708 praecipue
1057 664 1192 695 terrae
1216 664 1360 695 motus.

100 725 162 756 129
186 726 307 757 noctu
337 720 501 764 Auster,
529 719 704 756 interdiu
738 719 885 769 Aquilo
922 719 1211 763 vehementior,
1241 725 1283 756 et
1311 719 1362 755 ab

182 787 275 818 ortu
307 781 448 818 flantes
481 781 750 818 diuturniores
782 786 875 817 sunt
907 781 957 816 ab
989 793 1131 817 occasu
1162 779 1361 817 flantibus.

183 841 486 892 Septentriones
520 845 647 891 inpari
680 842 796 878 fere1
824 841 1012 878 desinunt
1045 854 1227 885 numero,
1260 854 1363 890 quae

183 904 408 940 observatio
434 909 476 940 et
498 906 539 939 in
563 903 647 939 aliis
672 903 808 939 multis
831 916 966 939 rerum
990 908 1159 939 naturae
1182 903 1363 952 partibus

184 962 316 1008 valet;
366 975 493 999 mares
525 961 662 1010 itaque
697 955 972 997 existimamur
1005 960 1175 1010 impares
1208 963 1357 1000 numeri

185 1017 241 1055 sol
262 1023 301 1055 et
323 1024 439 1066 auget
463 1023 501 1054 et
525 1016 734 1065 conprimit
755 1015 914 1053 fiatus—
925 1020 1042 1064 auget
1064 1015 1239 1053 exoriens
1260 1017 1357 1055 oeci-

179 1075 373 1124 densque,
392 1077 603 1124 conprimit
632 1073 873 1110 meridianus
903 1075 1062 1110 aestivis
1089 1073 1361 1122 temporibus;

180 1140 317 1186 itaque
347 1136 478 1172 medio
509 1135 587 1172 diei
617 1141 686 1172 aut
715 1138 843 1171 noctis
872 1134 1111 1184 plerumque
1139 1136 1362 1183 sopiuntur,

182 1200 274 1247 quia
316 1203 385 1234 aut
427 1200 548 1233 nimio
589 1196 738 1245 frigore
780 1202 850 1232 aut
892 1201 1007 1232 aestu
1047 1195 1266 1232 solvuntur.
1321 1200 1363 1231 et

181 1259 372 1295 imbribus
418 1261 526 1294 venti
569 1260 801 1307 sopiuntur3
863 1262 1150 1306 exspectantur
1167 1255 1182 1278 ²
1226 1261 1361 1292 autem

182 1322 357 1356 maxime
377 1319 483 1356 unde
504 1320 630 1355 nubes
651 1319 852 1355 discussae
873 1317 1122 1366 adaperuere
1141 1316 1308 1353 caelum.

100 1386 162 1418 130
237 1380 425 1418 Omnium
440 1380 601 1430 quidem
615 1380 661 1429 (si
676 1379 801 1416 libeat
816 1379 1028 1415 observare
1043 1381 1224 1414 minimos
1241 1378 1364 1413 ambi-

182 1443 263 1491 tus)
281 1442 412 1478 redire
432 1441 593 1478 easdem
611 1444 714 1477 vices
734 1439 996 1490 quadriennio
1015 1445 1157 1476 exact-o
1174 1438 1363 1475 Eudoxus

183 1509 315 1552 putat,
350 1516 431 1539 non
466 1508 678 1539 ventorum
716 1501 835 1538 modo
871 1514 1010 1537 verum
1047 1506 1088 1537 et
1122 1499 1364 1549 reliquarum

182 1570 475 1613 tempestatum
501 1576 648 1613 magna
676 1576 725 1600 ex
751 1568 882 1612 parte,
911 1568 952 1598 et
980 1574 1066 1598 esse
1083 1561 1099 1584 3
1127 1563 1362 1610 principium

184 1625 296 1661 lustri
323 1628 405 1662 eius
430 1638 590 1674 semper
614 1623 869 1660 intercalario
895 1636 998 1659 anno
1023 1621 1236 1659 Caniculae
1260 1627 1362 1658 ortu.

235 1687 299 1723 De
320 1686 573 1736 generalibus
594 1688 722 1722 ventis
743 1684 854 1721 haec.

236 1767 249 1786 ²
274 1767 343 1797 fere
359 1767 534 1805 (dierum)
547 1768 560 1797 ἲ
578 1765 757 1797 Βασῌιατη.
849 1765 861 1783 ²
884 1765 1150 1805 exspectentur?
1164 1762 1343 1794 Rackham.

625 1808 638 1827 ⁸
662 1808 852 1839 Raclclzam:
882 1813 944 1838 est.

230 1901 244 1915 ⁰
267 1896 326 1927 Le.
343 1896 428 1926 East
442 1898 479 1926 to
493 1896 606 1931 West;
635 1894 694 1925 the
708 1894 867 1924 observer
881 1893 971 1924 faces
986 1892 1105 1924 South.

231 1939 243 1958 ¹³
267 1939 325 1970 Le.
345 1939 403 1969 the
419 1938 509 1968 wind
528 1937 673 1978 blowing
691 1947 734 1967 on
752 1936 810 1967 the
829 1936 945 1967 fourth
962 1935 1029 1977 day
1046 1934 1085 1966 of
1098 1934 1156 1966 the
1175 1944 1247 1965 new
1265 1943 1364 1965 moon

184 1982 317 2022 usually
337 1982 512 2012 continues
530 1980 573 2012 au
590 1980 649 2011 the
665 1979 797 2011 month.

183 2026 253 2062 268
