1471 2326
416 107 584 145 PLINY
597 122 606 145 ε
657 109 920 146 NATURAL
955 109 1191 147 HISTORY

210 210 355 254 Rhodi,
383 210 467 254 Coi,
495 210 616 255 Sami,
644 210 745 255 Chii,
774 210 924 260 Lesbi),
952 211 1126 261 (xl-xliii)
1156 211 1391 261 Hellespon-

210 270 290 308 tus,
334 264 481 314 Mysia,
524 262 711 313 Phrygia,
750 263 909 300 Galatia
950 269 993 300 et
1033 266 1192 301 iunctae
1234 271 1391 315 gentes,

210 316 411 366 Bithynia.
461 315 646 352 Summa:
683 316 830 365 oppida
852 323 894 354 et
916 322 1059 366 gentes
1089 346 1097 354 .
1129 346 1137 354 .
1168 346 1176 354 .
1205 316 1390 354 Summa:

210 369 375 406 flumina
427 369 532 406 clara
561 398 569 406 .
601 398 609 405 .
641 398 648 406 .
678 369 862 406 Summa:
930 372 1126 406 montium
1178 370 1273 407 clari
1302 399 1311 407 .
1341 399 1350 407 .
1380 398 1389 407 .

211 422 396 459 Summa:
448 421 599 458 insulae
638 421 824 459 CXVIII.
889 421 1074 459 Summa:
1127 436 1230 472 quae
1268 425 1391 460 inter-

211 475 344 512 cidere
393 475 539 524 oppida
586 480 656 511 aut
702 480 846 524 gentes
876 503 884 512 .
954 475 1176 512 .:Summa
1238 489 1300 512 res
1349 481 1392 513 et

210 527 399 565 historiae
428 533 469 564 et
496 528 793 564 observationes
823 556 831 564 .
862 556 870 564 .

262 581 323 618 Ex
360 581 608 617 auctoribus:
658 581 852 630 Agrippa,
886 556 1077 617 Suetonio
1113 579 1293 625 Paulino,
1330 579 1389 618 M.

210 633 402 677 Varrone,
423 633 599 669 Varrone
622 633 807 677 Atacino,
823 633 1005 670 Cornelio
1022 634 1195 683 Nepote,
1212 634 1391 684 Hygino,

212 686 257 723 L.
273 687 436 730 Vetere,
452 685 576 730 Mela,
591 686 769 722 Domitio
778 686 1015 730 Corbulone,
1025 686 1176 723 Licinio
1187 686 1391 731 Muciano,

212 739 377 776 Claudio
429 739 613 783 Caesare,
664 740 870 783 Arruntio,
922 739 1032 776 Livio
1084 739 1177 783 filio,
1228 739 1392 783 Seboso,

211 794 311 829 actis
329 791 633 841 triumphorum.
679 792 889 828 Externis:
924 792 1024 828 Iuba
1040 805 1151 842 rege,
1170 792 1392 836 Hecataeo,

212 845 435 888 Hellanico,
471 845 681 888 Damaste,
718 844 980 888 Dicaearcho,
1014 844 1208 888 Baetone‚
1241 845 1392 881 Timos-

211 897 350 942 thene,
387 896 608 941 Philonide,
645 897 872 947 Xenagora,
909 898 1148 947 Astynomo,
1184 897 1392 947 Staphylo,

212 951 420 1000 Dionysio,
458 950 692 993 Aristotele,
730 951 981 994 Aristocrito,
1019 949 1194 999 Ephoro,
1231 951 1392 987 Eratos-

211 1003 350 1047 thene,
389 1002 633 1052 Hipparcho,
673 1002 880 1046 Panaetio,
919 1002 1135 1052 Serapione
1174 1002 1392 1040 Antioche-

211 1070 278 1101 no,
302 1055 558 1100 Callimacho,
582 1055 822 1105 Agathocle,
847 1054 1026 1105 Polybio,
1049 1056 1213 1093 Timaeo
1236 1055 1392 1093 mathe-

212 1111 374 1152 matico,
406 1108 627 1152 Herodoto,
660 1108 841 1158 Myrsilo,
872 1109 1101 1145 Alexandro
1132 1108 1392 1159 polyhistore,

214 1162 461 1205 NIetrodoro,
491 1160 700 1198 Posidonio
732 1163 799 1211 qui
830 1162 1033 1209 περίπλουν
1059 1167 1129 1198 aut
1158 1164 1392 1211 περιήγησιν,

211 1214 374 1258 Sotade,
430 1213 615 1258 Pindaro,
669 1213 901 1251 Aristarcho
956 1214 1154 1264 Sicyoni0‚
1209 1214 1392 1259 Eudoxo,

211 1269 430 1317 Antigene,
488 1267 714 1311 Callicrate,
769 1266 1038 1316 Xenophonte
1098 1267 1389 1317 Lampsaceno,

213 1320 389 1358 Diodoro
430 1319 690 1370 Syracusano,
732 1320 944 1363 Hannone,
986 1320 1226 1364 Himilcone,
1268 1320 1392 1370 Nym-

214 1373 406 1423 phodorO,
467 1372 713 1422 Calliphane,
778 1373 1048 1417 Artemidoro,
1107 1372 1391 1423 Megasthene,

213 1426 377 1470 Isidoro,
408 1425 611 1470 Cleobule,
641 1427 952 1462 Aristocreonte.

263 1479 383 1516 Libro
402 1479 470 1515 VI.
491 1481 746 1515 continentur
765 1481 878 1523 situs,
896 1484 1054 1528 gentes,
1073 1480 1211 1522 maria,
1230 1478 1390 1540 oppida,

211 1538 364 1582 portus,
390 1537 562 1575 montes,
588 1531 765 1575 flumina,
790 1544 1016 1575 mensurae,
1042 1531 1177 1581 populi
1204 1534 1271 1580 qui
1298 1537 1391 1568 sunt

212 1590 283 1621 aut
327 1586 394 1634 qui
438 1584 601 1621 fuerunt
646 1585 690 1633 (i)
736 1560 868 1628 Ponti,
915 1560 1128 1634 Mariandy
1132 1598 1286 1646 norum,
1331 1584 1390 1634 (11)

213 1704 360 1740 cyrena
379 1693 488 1740 regio
508 1696 550 1726 et
567 1693 607 1726 in
627 1703 675 1726 ea
693 1696 850 1740 gentes,
871 1666 1081 1733 Heniochi,
1100 1690 1155 1739 (v)
1182 1693 1293 1739 regio
1318 1689 1391 1726 Co-

212 1743 288 1780 lica
320 1749 362 1780 et
393 1749 550 1793 gentes,
582 1742 834 1779 Achaeorum
866 1749 1022 1792 gentes,
1055 1748 1214 1779 ceterae
1228 1721 1391 1779 23eodem

211 1802 345 1833 tractu
364 1802 521 1846 gentes,
541 1796 692 1844 (vi—xii)
713 1795 909 1845 Bosporus
929 1795 1178 1839 Cimmerius,
1201 1795 1390 1839 Maeotis,

212 1855 355 1900 gentes
394 1851 498 1885 circa
539 1849 750 1892 Maeotim,
790 1850 980 1885 Armenia
1019 1851 1160 1891 minor,
1200 1849 1391 1884 Armenia

213 1905 351 1946 maior,
375 1902 499 1952 Cyrus
522 1901 676 1945 fluvius,
699 1903 852 1938 Araxes
875 1901 1029 1944 fluvius,
1051 1901 1236 1944 Albania,
1261 1901 1391 1938 Iberia

213 1962 256 1992 et
279 1958 438 1992 iunctae
463 1961 603 2005 portae
628 1955 858 2000 Caucasiae,
883 1955 983 2004 (xiii)
1007 1953 1158 1991 insulae
1183 1956 1223 1990 in
1248 1953 1390 1999 Ponto,

214 2036 263 2075 34
