1471 2326
186 477 228 509 28

183 958 225 990 29

181 1235 224 1266 30

455 97 622 135 PLINY
638 111 647 135 ε
694 96 732 134 N
734 96 961 135 ATURAL
997 95 1238 135 HISTORY

254 199 469 237 traduntur
516 201 729 249 inscripta3
777 198 847 236 Ille
886 198 987 250 fecit
1035 198 1155 248 (quae
1207 199 1286 235 suis
1337 196 1432 235 locis

254 268 460 318 reddam);
489 281 569 318 quo
598 270 784 318 apparuit
814 280 1010 304 summam
1041 269 1138 304 artis
1173 269 1431 304 securitatem

254 339 407 374 auctori
444 336 653 387 placuisse,
696 341 739 374 et
780 336 831 373 ob
873 335 913 373 id
951 349 1098 386 magna
1135 335 1283 372 invidia
1320 334 1432 372 fuere

250 407 384 442 omnia
403 418 463 442 ea.

306 474 393 524 Ego
420 473 539 524 plane
568 476 667 511 meis
696 473 798 510 adici
826 486 942 523 posse
970 473 1098 510 multa
1125 473 1331 517 confiteor,
1359 485 1434 511 nec

254 541 314 578 his
332 542 438 586 solis,
454 542 524 579 sed
543 548 585 579 et
603 543 787 579 omnibus
806 555 904 592 quos
923 542 1044 586 edidi,
1060 548 1106 579 ut
1124 543 1255 579 obiter
1269 554 1434 579 caveam

253 612 349 647 istos
369 610 740 660 Homeromastigas
759 612 833 660 (ita
848 613 954 647 enim
973 613 1103 648 verius
1121 610 1321 660 dixerim),
1337 623 1433 660 quo-

254 681 361 716 niam
404 679 523 716 audio
565 685 608 716 et
650 679 804 716 Stoicos
847 685 889 717 et
931 679 1175 724 dialecticos,
1216 679 1434 730 Epicureos

253 760 414 798 quoque
455 749 564 797 (nam
604 747 655 785 de
694 750 968 798 grammaticis
1008 761 1166 798 semper
1205 748 1433 798 expectavi)

254 819 452 867 parturire
472 817 661 854 adversus
680 817 832 854 libellos
852 830 950 868 quos
969 817 1019 854 de
1034 819 1298 867 grammatica
1313 816 1433 861 edidi,

254 891 297 922 et
330 885 499 922 subinde
534 886 697 922 abortus
731 885 862 923 facere
896 888 975 922 iam
1009 886 1150 922 decem
1183 888 1309 930 annis,
1343 899 1434 922 cum

252 954 419 991 celerius
445 957 568 991 etiam
594 953 798 1005 elephanti
823 957 993 1005 pariant.
1044 967 1117 992 ceu
1142 967 1235 991 vero
1259 957 1433 991 nesciam

253 1023 442 1059 adversus
487 1023 823 1073 Theophrastum,
868 1023 1070 1060 hominem
1116 1025 1156 1059 in
1202 1023 1434 1074 eloquentia

252 1097 413 1129 tantum
437 1098 482 1128 ut
507 1105 653 1129 nomen
677 1092 854 1129 divinum
878 1092 971 1129 inde
996 1095 1208 1137 invenerit,
1231 1095 1432 1142 scripsisse

252 1162 375 1197 etiam
394 1160 599 1205 feminam,
618 1166 660 1198 et
677 1161 931 1211 proverbium
948 1161 1041 1198 inde
1059 1167 1200 1197 natum
1217 1161 1432 1211 suspendio

250 1230 432 1266 arborem
467 1230 662 1280 eligendi!
712 1243 790 1266 non
824 1243 928 1280 queo
962 1229 1057 1266 mihi
1091 1235 1318 1280 temperare
1353 1243 1432 1280 quo

252 1301 381 1335 minus
403 1298 454 1335 ad
474 1298 548 1335 hoc
569 1301 816 1349 pertinentia
836 1301 922 1349 ipsa
942 1301 1109 1336 censorii
1126 1299 1289 1336 Catonis
1310 1300 1431 1336 verba

251 1380 412 1418 ponam,
426 1373 472 1404 ut
486 1375 677 1418 appareat
693 1370 816 1404 etiam
831 1367 973 1404 Catoni
987 1367 1037 1405 de
1051 1367 1211 1405 militari
1226 1368 1431 1418 disciplina

250 1439 554 1481 commentanti,
583 1439 649 1487 qui
679 1437 752 1474 sub
781 1436 984 1481 Africano,
1012 1439 1133 1473 immo
1162 1450 1255 1474 vero
1284 1443 1326 1474 et
1355 1438 1428 1474 sub

251 1505 476 1542 Hannibale
528 1506 730 1543 didicisset
780 1505 951 1542 militare
1002 1511 1045 1543 et
1094 1519 1145 1543 ne
1195 1505 1429 1543 Africanum

251 1574 414 1624 quidem
447 1574 551 1611 ferre
585 1577 796 1624 potuisset,
831 1577 897 1625 qui
931 1577 1149 1625 imperator
1181 1574 1429 1625 triumphum

252 1649 510 1693 reportasset,
545 1649 706 1694 paratos
742 1643 862 1680 fuisse
898 1646 994 1680 istos
1031 1646 1097 1693 qui
1133 1645 1428 1682 obtrectatione

251 1711 404 1749 alienae
442 1714 633 1749 scientiae
671 1712 818 1748 famam
856 1713 928 1749 sibi
967 1718 1227 1762 aucupantur.
1294 1712 1426 1759 ‘Quid

251 1783 357 1817 enim
379 1779 414 1817 '?
441 1783 498 1817 ait
524 1784 563 1817 in
590 1794 638 1818 eo
663 1781 876 1825 volumine,
903 1781 911 1793 ‘
930 1784 1010 1818 scio
1037 1795 1125 1832 ego,
1152 1795 1254 1831 quae
1280 1785 1427 1832 scripta

251 1856 343 1886 sunt
359 1852 389 1886 si
406 1850 537 1899 palam
553 1850 819 1899 proferantur,
834 1850 980 1887 multos
996 1850 1079 1887 fore
1097 1853 1161 1900 qui
1180 1850 1426 1900 vitilitigent‚

250 1919 321 1955 sed
351 1921 378 1955 ii
408 1921 659 1969 potissimum
692 1922 758 1970 qui
791 1933 908 1958 verae
941 1919 1066 1957 laudis
1099 1926 1286 1971 expertes
1317 1925 1423 1958 sunt.

249 1990 293 2026 18
