1471 2326
100 361 138 392 91

101 942 143 972 92

363 146 531 185 PLINY
544 160 553 185 ε
603 145 870 185 NATURAL
904 145 1142 185 HISTORY

163 250 440 287 brevissimum
472 262 550 298 quo
580 253 842 285 cernerentur
873 251 1046 297 spatium
1076 248 1153 284 VII
1186 247 1340 285 dierum

166 303 402 340 adnotatum
422 308 497 345 est,
514 302 788 351 longissimum
808 301 989 338 LXXX.1

217 355 371 392 XXIII.
428 355 645 391 Moventur
672 360 812 391 autem
839 353 940 390 aliae
968 356 1187 390 errantium
1213 352 1345 397 modo,

166 408 268 445 aliae
313 407 522 444 inmobiles
566 406 750 450 haerent,
793 419 930 443 omnes
973 406 1100 443 ferme
1144 406 1216 442 sub
1259 408 1345 455 ipso

166 464 458 511 septentrione,
474 460 607 509 aiiqua
623 462 705 496 eius
721 465 837 509 parte
853 472 932 495 non
947 465 1072 502 certa,
1086 459 1158 495 sed
1171 461 1345 495 maxime

166 517 208 550 in
252 513 422 550 candida
467 525 569 562 quae
613 512 734 549 lactei
788 512 924 549 circuli
977 524 1124 548 nomen
1178 514 1344 561 accepit.

167 566 408 604 Aristoteles
444 565 571 602 tradit
617 570 659 602 et
702 565 818 601 simul
861 565 994 614 plures
1039 567 1162 608 cerni,
1197 566 1345 600 nemini

166 625 404 668 conpertum
422 619 554 662 alteri,
572 617 678 667 quod
696 617 881 667 equidem
897 620 1033 661 sciam,
1050 622 1189 654 ventos
1208 622 1345 653 autem

167 673 217 709 ab
242 672 300 708 his
325 685 466 722 graves
493 677 676 708 aestusve
700 671 924 720 significari.
978 670 1078 707 fiunt
1104 675 1145 706 et
1168 669 1345 706 hibernis

166 725 367 761 mensibus
385 730 426 761 et
441 727 482 760 in
497 727 674 760 austrino
689 724 795 773 polo,
810 723 881 760 sed
895 723 949 759 ibi
964 726 1065 760 citra
1079 722 1204 759 ullum
1219 722 1344 759 iubar.

167 778 331 827 diraque
351 783 543 827 conperta
562 776 808 825 Aethiopum
829 782 871 813 et
890 776 1068 826 Aegypti
1092 775 1261 824 populis,
1283 777 1345 812 cui

168 844 315 867 nomen
339 833 426 867 aevi
452 833 534 866 eius
558 843 629 866 rex
654 829 766 866 dedit
790 828 973 878 Typhon,
997 831 1116 878 ignea
1139 831 1272 877 specie
1297 840 1343 864 ae

167 887 298 933 spirae
326 883 445 920 modo
474 886 639 925 intorta,
668 885 753 918 visu
783 895 941 931 quoque
970 887 1098 925 torvo,
1126 894 1200 917 nec
1228 880 1347 917 stella

170 939 300 973 verius
349 949 469 985 quam
518 935 678 984 quidam
725 937 864 984 igneus
913 934 1050 970 nodus.
1104 939 1346 984 sparguntur

168 988 379 1038 aliquando
422 994 464 1025 et
507 988 730 1024 errantibus
772 987 899 1024 stellis
941 989 1166 1036 ceterisque
1206 988 1347 1023 crines.

167 1042 238 1078 sed
261 1047 437 1078 cometes
467 1053 766 1090 nonnumquam
784 1040 798 1063 ²
822 1043 862 1076 in
891 1052 1077 1076 occasura
1098 1044 1215 1089 parte
1244 1039 1348 1075 caeli

170 1101 245 1138 est,
260 1094 479 1131 terrificum
494 1106 641 1143 magna
657 1107 706 1130 ex
721 1098 837 1142 parte
854 1093 958 1129 sidus
976 1098 1097 1142 atque
1110 1105 1189 1129 non
1204 1092 1347 1128 leviter

167 1150 335 1197 piatum,
375 1153 420 1183 ut
464 1147 567 1183 civili
607 1152 720 1182 motu
766 1146 932 1183 Octavio
978 1145 1138 1182 consule
1183 1148 1347 1182 iterum-

169 1213 246 1250 que
276 1200 439 1249 Pompei
469 1205 510 1236 et
539 1199 718 1236 Caesaris
746 1198 868 1242 bello,
896 1201 936 1234 in
963 1204 1100 1235 nostro
1127 1211 1221 1234 vero
1249 1210 1347 1234 aevo

168 1256 273 1290 circa
316 1253 551 1289 veneficium
595 1265 672 1301 quo
717 1251 904 1288 Claudius
948 1251 1094 1288 Caesar
1135 1253 1346 1300 imperium

166 1306 329 1355 reliquit
359 1306 537 1342 Domitio
568 1305 732 1348 Neroni,
761 1317 806 1341 ac
835 1304 980 1341 deinde
1008 1306 1234 1354 principatu
1263 1306 1346 1340 eius

168 1359 378 1395 adsiduum
403 1371 529 1408 prope
557 1371 601 1394 ac
628 1370 802 1394 saevum.
855 1357 1009 1394 referre
1036 1357 1280 1393 arbitrantur
1305 1359 1347 1392 in

169 1425 264 1461 quas
299 1417 435 1460 partes
470 1424 557 1447 sese
591 1410 786 1447 iaculetur
821 1416 891 1447 aut
925 1413 1032 1446 cuius
1067 1409 1209 1446 stellae
1243 1412 1346 1446 w'res

167 1467 335 1514 accipiat
367 1477 543 1514 quasque
574 1463 854 1500 similitudines
885 1462 1028 1500 reddat
1060 1468 1101 1499 et
1133 1462 1273 1512 quibus
1304 1465 1346 1498 in

300 1566 313 1585 1
337 1565 443 1597 EM:
468 1564 641 1596 CLXXX.
777 1564 790 1583 ²
813 1563 1001 1596 Rackham:
1027 1574 1216 1605 nunquam.

210 1704 224 1719 ⁰
248 1699 386 1730 Editors
401 1698 488 1730 alter
502 1702 539 1730 to
558 1699 629 1735 180,
647 1698 689 1729 ef.
706 1698 831 1730 Seneca
848 1698 933 1737 ΝΩ.
951 1699 980 1729 7.
997 1699 1027 1729 6.
1046 1699 1061 1729 1
1078 1701 1143 1730 etc.

209 1741 223 1761 ¹³
247 1742 525 1781 Msteoroloyica,
544 1743 630 1773 345a
647 1742 699 1772 29.

211 1789 223 1804 ⁶
246 1785 317 1815 The
333 1784 426 1816 MSS.
437 1785 514 1825 give
525 1783 533 1795 ‘
548 1794 652 1814 never
667 1784 674 1796 ’
691 1795 697 1814 :
723 1783 857 1814 Brotier
867 1786 988 1823 quotes
997 1782 1161 1814 Aristotle
1171 1784 1213 1815 M
1214 1783 1344 1815 eteorol.

166 1827 254 1860 343b
270 1828 309 1857 14
325 1827 463 1861 ἅπαντες
477 1825 508 1858 οἶ
523 1825 595 1858 καθ’
611 1824 695 1866 ἡμᾶς
705 1824 845 1865 ὠμμένοι
854 1827 928 1858 ἄνευ
940 1825 1062 1860 δύσεως
1076 1824 1300 1867 ἠφανίσθησαν
1313 1824 1347 1858 ἐν

165 1872 212 1909 τῷ
231 1869 307 1910 ὑπὲρ
322 1873 380 1901 τοῦ
397 1868 560 1910 ὁρίζοντος
575 1868 674 1908 τόπῳ.
723 1868 793 1899 But
810 1868 909 1908 Pliny
925 1869 952 1899 is
973 1871 1034 1899 not
1051 1867 1213 1909 speaking
1229 1868 1268 1899 Of
1286 1868 1345 1899 the

163 1912 424 1953 disappearance
454 1911 493 1942 of
521 1914 658 1942 eomets.
706 1910 742 1941 If
769 1910 828 1941 the
854 1910 923 1941 MS.
950 1910 1088 1951 reading
1115 1911 1141 1941 is
1167 1910 1340 1951 accepted,

164 1955 343 1995 terrificum
359 1954 476 1996 begins
492 1964 512 1985 a
533 1953 623 1985 fresh
644 1957 812 1992 sentence,
829 1953 897 1984 and
913 1953 1016 1985 refers
1036 1957 1073 1985 to
1095 1957 1223 1985 comete
1243 1954 1279 1985 in
1298 1953 1343 1984 all

167 2002 332 2038 quarters.

163 2070 235 2106 234
