1471 2363
180 484 419 537 PLINII
476 483 921 538 NATURALIS
984 487 1358 540 HISTORIA

594 639 944 687 PREFATIO

360 752 524 790 Pmes
552 753 759 791 SECUNDUS
791 755 1035 792 VESPASIANO
1065 754 1144 793 Suo
1173 754 1198 792 S

230 837 379 875 Lmnos
427 839 628 876 Naturalis
675 839 890 884 Historiae,
932 843 1129 876 novicium
1175 841 1359 878 Camenis

179 890 397 936 Quiritium
433 897 594 928 tuorum
631 905 743 941 opus,
780 898 895 929 natos
933 893 1040 943 apud
1076 906 1140 930 me
1177 897 1359 943 proxima

178 944 310 980 fetura
351 944 556 981 licentiore
597 945 769 994 epistula
807 958 968 982 narrare
986 944 1002 969 1
1041 948 1231 982 constitui
1270 947 1359 992 tibi,

177 997 458 1034 iucundissime
478 999 800 1048 imperator—sit
821 1000 927 1035 enim
948 997 1047 1035 haec
1067 1001 1126 1035 tui
1146 998 1360 1048 praefatio,

178 1052 394 1095 verissima,
417 1050 513 1087 dum
536 1053 700 1087 maximi
723 1054 972 1088 consenescit
994 1054 1034 1088 in
1057 1057 1226 1102 patre—

561 1141 735 1177 namque
754 1134 800 1164 tu
819 1128 973 1165 solebas

406 1194 532 1231 nugas
552 1194 638 1218 esse
658 1181 808 1231 aliquid
826 1194 935 1218 meas
954 1187 1098 1231 putare
1114 1181 1130 1205 ²

177 1262 223 1294 ut
253 1258 382 1294 obiter
409 1258 608 1295 emolliam
633 1257 835 1294 Catullum
861 1258 1199 1296 concerraneum³
1221 1272 1357 1297 meum

175 1314 408 1360 ——agnoscis
451 1316 493 1348 et
532 1310 606 1348 hoc
645 1317 848 1348 castrense
888 1312 1190 1361 verbum—(ille
1234 1315 1356 1358 enim,

175 1369 223 1400 ut
259 1366 346 1408 scis,
382 1366 622 1414 permutatis
658 1365 853 1414 prioribus
890 1364 1050 1414 syllabis
1086 1365 1356 1402 duriusculum

177 1429 219 1453 se
232 1417 248 1440 4
267 1416 363 1453 fecit
384 1431 504 1467 quam
520 1417 680 1454 volebat
701 1420 919 1454 existimari
940 1417 1194 1455 aVeraniolis
1214 1421 1293 1455 suis
1315 1424 1357 1455 et

178 1469 381 1520 Fabullis),
416 1470 532 1507 simul
568 1476 614 1507 ut
647 1469 722 1507 hac
756 1484 847 1507 mea
881 1470 1108 1520 petulantia
1143 1470 1213 1507 fiat
1248 1471 1355 1520 quod

174 1525 354 1573 proxime
378 1537 456 1560 non
480 1524 564 1560 fieri
588 1529 753 1573 questus
777 1537 818 1561 es
841 1526 882 1560 in
905 1523 982 1560 alia
1003 1526 1161 1574 procaci
1184 1524 1356 1574 epistula

314 1606 326 1625 ¹
350 1617 547 1648 nuncupare
566 1607 635 1638 edd.

312 1649 325 1668 ²
347 1650 464 1690 Haupt
480 1662 486 1680 :
511 1660 583 1680 esse
602 1650 733 1690 ahquid
753 1660 847 1681 meas
867 1654 988 1691 putare
1008 1659 1117 1690 nugas
1135 1649 1225 1682 codd.

311 1691 324 1710 ⁸
348 1692 400 1723 v.l.
418 1696 689 1724 conterraneum.
851 1693 864 1711 ⁴
887 1693 977 1732 [se]?
995 1693 1173 1724 Raclcham.

218 1781 232 1796 ⁶
255 1777 326 1807 The
344 1777 509 1818 Emperor
525 1778 633 1809 Titus.

220 1819 233 1838 ¹³
256 1820 344 1850 Edd.
363 1821 405 1860 ej.
422 1831 625 1861 nuncupare,
645 1826 653 1838 ‘
665 1820 844 1857 dedicate‚’
863 1819 870 1832 ‘
883 1821 995 1861 assign
1012 1823 1049 1851 to
1065 1830 1153 1861 your
1168 1819 1294 1851 name!

218 1866 230 1882 ⁰
253 1862 406 1893 Catullus
422 1863 432 1893 i
449 1864 468 1894 3
482 1863 505 1894 f.

216 1904 231 1923 ⁴
255 1905 515 1936 Concerraneum
534 1920 566 1930 =
587 1916 810 1937 concerro‘nem
862 1915 900 1936 or
947 1915 1174 1944 conqerromzm
1224 1904 1230 1916 ‘
1250 1905 1353 1937 boon-

172 1948 378 1989 oompanion
393 1947 401 1960 ⁹
419 1950 497 1987 (one
516 1948 591 1980 who
607 1949 759 1990 amyci-it,
777 1948 989 1980 contributes
1006 1951 1044 1979 to
1060 1958 1081 1979 a
1098 1947 1212 1989 feast).

172 2013 192 2038 2
