1471 2326
90 345 150 376 110

96 927 154 959 111

97 1350 160 1382 112

370 130 559 168 PLINY:
610 129 874 167 NATURAL
909 128 1146 167 HISTORY

171 233 369 283 spondere
408 245 576 268 numero
614 231 733 268 lunae
774 233 1024 280 exquisivere
1063 230 1349 280 diligentiores,

172 289 460 335 minimumque
489 285 648 328 animal,
667 283 888 327 formicam,
907 286 1056 320 sentire
1083 286 1184 320 vires
1210 283 1348 321 sideris

175 339 388 376 interlunio
421 351 580 387 semper
613 343 850 374 cessantem.
905 349 982 386 quo
1016 339 1169 386 turpior
1201 335 1348 373 homini

175 395 330 429 inscitia
347 397 409 428 est
425 391 570 428 fatenti
586 393 801 439 praecipue
817 392 1086 426 iumentorum
1104 389 1350 439 quorundam

175 448 216 481 in
255 444 375 481 oculis
414 444 572 480 morbos
611 456 701 480 cum
739 443 833 479 luna
871 445 1092 479 increscere
1131 455 1176 478 ac
1214 445 1350 478 minui.

175 500 449 549 patrocinatur
483 499 646 533 vastitas
685 496 785 533 caeli
803 496 819 518 1
848 498 1027 531 inmensa
1064 495 1236 531 discreta
1266 495 1353 531 alti-

175 550 347 588 tudine2
382 553 421 586 in
457 550 535 586 duo
570 555 693 598 atque
727 551 986 598 septuaginta
1020 550 1146 598 signa,
1180 547 1255 584 hoc
1290 553 1353 585 est

174 617 309 640 rerum
346 609 416 640 aut
453 605 716 639 animantium
754 602 902 652 effigies
939 604 980 638 in
1017 614 1113 650 quas
1151 600 1354 650 digessere

175 656 331 694 caelum
354 659 485 706 periti.
539 658 580 692 in
601 655 661 692 his
685 655 846 704 quidam
867 654 978 691 mille
1000 659 1209 691 sexcentas
1233 653 1354 690 adno-

175 715 314 746 tavere
330 709 482 752 stellas,
498 711 670 758 insignes
687 708 837 745 scilicet
855 706 1001 744 effectu
1016 710 1165 750 visuve,
1182 706 1356 756 exempli

176 765 308 813 gratia
350 765 390 798 in
431 762 558 798 cauda
598 764 704 799 tauri
751 766 908 810 septem
955 773 1052 809 quas
1100 759 1356 809 appellavere

177 816 388 865 Vergilias,
420 818 461 851 in
490 814 624 851 fronte
654 814 825 857 suculas,
854 813 1011 850 Booten
1042 825 1144 862 quae
1174 815 1356 862 sequitur

179 868 345 918 Septem
363 868 538 905 Triones.

231 921 360 958 XLII.
390 921 517 957 Extra
541 919 611 956 has
638 933 774 957 causas
801 932 881 956 non
906 921 1137 968 negaverim
1163 921 1357 955 exsistere

178 975 326 1011 imbres
358 980 593 1023 ventosque,
625 975 812 1023 quoniam
843 972 1019 1008 umidam
1052 985 1075 1007 a
1105 977 1230 1015 terra,
1261 971 1356 1007 alias

178 1041 272 1064 vero
302 1033 468 1077 propter
498 1039 687 1076 vaporem
718 1025 910 1062 fumidam
941 1024 1118 1061 exhalari
1147 1024 1357 1074 caliginem

177 1086 334 1117 certum
355 1086 429 1124 est,
449 1080 655 1129 nubesque
676 1092 697 1115 e
712 1079 728 1101 3
747 1079 899 1128 liquore
913 1078 930 1101 4
952 1091 1111 1128 egresso
1130 1080 1170 1113 in
1189 1077 1357 1114 sublime

179 1140 249 1170 aut
266 1147 315 1170 ex
331 1146 423 1170 aere
438 1139 576 1170 coacto
590 1136 630 1168 in
643 1133 838 1182 liquorem
853 1134 974 1181 gigni.
1029 1130 1203 1167 densitas
1220 1143 1357 1167 earum

179 1200 402 1236 corpusque
431 1185 530 1222 haut
559 1186 680 1222 dubio
708 1188 958 1222 coniectatur
987 1189 1239 1233 argumento,
1267 1196 1357 1219 cum

179 1240 305 1276 solem
320 1240 575 1282 obumbrent,
590 1241 843 1288 perspicuum
859 1237 954 1273 alias
971 1239 1093 1273 etiam
1108 1236 1357 1273 urinantibus

180 1296 219 1329 in
241 1293 462 1342 quamlibet
480 1291 720 1341 profundam
740 1304 933 1340 aquarum
953 1289 1218 1326 altitudinem.

235 1346 385 1382 XLIII.
417 1345 544 1395 Igitur
576 1358 656 1381 non
690 1357 778 1381 eam
810 1343 956 1380 infitias
989 1356 1106 1392 posse
1138 1345 1180 1378 in
1212 1341 1282 1378 has
1317 1347 1359 1379 et

181 1402 292 1449 ignes
335 1411 507 1448 superne
547 1397 755 1434 stellarum
796 1396 983 1433 decidere
1023 1395 1176 1446 (quales
1217 1407 1360 1432 sereno

181 1465 301 1501 saepe
321 1454 531 1495 cernimus,
552 1464 720 1500 quorum
738 1453 820 1486 ictu
838 1451 996 1486 concuti
1014 1461 1109 1485 aera
1126 1461 1265 1485 verum
1285 1453 1361 1491 est,

182 1505 341 1554 quando
363 1511 405 1542 et
424 1504 508 1542 tela
528 1505 682 1540 vibrata
701 1502 906 1551 stridunt),
926 1515 1016 1538 cum
1036 1515 1130 1538 vero
1150 1504 1192 1537 in
1210 1501 1359 1537 nubem

182 1561 434 1607 perveniunt,
446 1571 634 1607 vaporem
647 1557 848 1594 dissonum
861 1558 970 1605 gigni
984 1560 1029 1591 ut
1042 1554 1240 1591 candente
1253 1553 1361 1590 ferro

182 1614 223 1648 in
267 1625 412 1661 aquam
455 1611 639 1647 demerso
683 1615 725 1647 et
768 1609 964 1646 fumidum
1007 1610 1200 1645 vorticem
1244 1606 1358 1644 volvi.

365 1681 375 1699 ¹
402 1680 451 1711 tul.
470 1680 517 1712 rei
535 1682 578 1718 (et
593 1679 758 1710 discretae
776 1677 972 1717 Book-ham).

362 1724 374 1742 2
398 1723 579 1753 latitudine
594 1722 730 1753 Brotier.

365 1765 378 1783 ³
401 1776 419 1796 e
433 1765 507 1796 add.
522 1765 702 1796 Rackham.

365 1809 378 1827 ⁴
401 1818 529 1848 vapore
547 1807 615 1839 edd.
636 1807 696 1846 (sic
712 1805 925 1844 Aristotele-s).

313 1886 326 1900 ‘²
350 1881 410 1912 Le.
428 1880 487 1912 the
503 1880 649 1911 number
665 1879 701 1910 of
716 1880 802 1919 days
818 1879 908 1910 from
925 1878 985 1910 the
1000 1888 1074 1910 new
1089 1888 1203 1910 moon.

310 1922 323 1942 ὁ
346 1923 417 1954 The
433 1923 583 1963 Hyadcs,
604 1932 657 1952 see
676 1922 689 1960 ξ
709 1923 780 1953 106.

310 1971 322 1986 ⁶
344 1967 416 1996 The
433 1965 580 1997 Oxherd.

308 2008 323 2027 ἅ
346 2009 417 2039 The
431 2009 541 2046 Wain,
557 2018 594 2039 or
608 2007 695 2038 Ursa
709 2007 819 2048 Major
832 2006 901 2037 and
913 2006 1002 2038 Ursa
1014 2006 1134 2037 Minor.

181 2065 251 2102 252
