1471 2326
409 125 576 164 PLINY
591 140 600 164 :
650 127 799 165 NATU
805 127 915 164 RAL
950 127 1187 165 HISTORY

209 227 296 278 plus
325 242 445 277 quam
471 228 675 265 dimidiam
701 232 909 278 gnomonis
936 242 1163 265 mensuram
1192 230 1324 273 efficit,
1349 232 1389 266 in

209 288 308 323 urbe
341 287 467 323 Roma
497 300 602 323 nona
632 300 723 336 pars
755 290 962 337 gnomonis
994 287 1109 324 deest
1140 289 1320 331 umbrae,
1350 291 1390 324 in

209 345 355 394 oppido
383 346 548 382 Ancona
574 351 759 394 superest
793 349 932 395 quinta
964 349 1181 389 tricesima,
1208 349 1248 382 in
1274 353 1390 395 parte

210 403 352 440 Italiae
379 417 480 453 quae
506 404 677 441 Venetia
702 405 928 453 appellatur
953 404 1094 441 iisdem
1118 404 1224 441 horis
1250 406 1391 441 umbra

209 465 394 512 gnomoni
415 476 486 511 par
505 462 561 499 fit.

126 526 188 558 183
263 521 422 557 LXXV.
477 521 602 557 Simili
635 520 754 557 modo
787 521 955 558 tradunt
989 524 1029 557 in
1063 520 1195 571 Syene
1230 521 1389 571 oppido,

210 579 316 628 quod
342 586 403 616 est
422 592 542 628 supra
561 579 845 616 Alexandriam
867 583 1041 630 quinque
1064 580 1221 617 milibus
1245 580 1393 617 stadio·

207 651 309 682 rum,
328 638 474 675 solstiti
493 638 557 675 die
577 638 709 674 medio
728 638 879 674 nullam
899 639 1081 675 umbram
1101 641 1188 682 iaci,
1207 644 1392 688 puteum-

209 709 286 745 que
305 699 386 733 eius
406 699 671 745 experimenti
688 700 820 747 gratia
836 696 987 733 factum
1002 703 1136 734 totum
1152 697 1392 741 inluminari,

208 767 258 791 ex
285 768 362 804 quo
388 755 581 804 adparere
605 760 694 792 tum
717 755 842 791 solem
865 755 923 792 illi
945 755 1032 792 loco
1056 768 1177 804 supra
1200 758 1392 792 verticem

209 825 318 857 esse3
359 813 465 863 quod
491 819 533 850 et,
558 816 599 850 in
625 813 739 850 Indja
764 827 885 862 supra
910 813 1058 850 flumen
1084 813 1280 863 Hypasim
1306 814 1392 850 fieri

207 878 391 921 tempore
425 872 567 909 eodem
600 872 847 909 Onesicritus
879 873 1029 909 scribit.
1083 878 1321 922 constatque
1352 875 1393 908 in

207 931 399 967 Berenice
413 931 512 967 urbe
525 930 861 980 Trogodytarum,
875 937 916 967 et
930 931 1022 967 inde
1042 930 1180 967 stadiis
1202 936 1393 980 quattuor

207 989 364 1025 milibus
387 989 604 1026 DCCCXX
623 992 664 1025 in
685 989 827 1026 eadem
855 995 978 1038 gente
1007 988 1254 1026 Ptolemaide
1284 991 1393 1038 oppi-

208 1047 273 1090 do,
292 1048 397 1097 quod
416 1051 457 1083 in
475 1050 655 1097 margine
677 1048 784 1083 rubri
804 1050 923 1083 maris
943 1047 992 1083 ad
1016 1050 1163 1096 primos
1187 1046 1394 1096 elephant·

208 1119 323 1142 orum
339 1112 505 1143 venatus
525 1106 731 1142 conditum
753 1111 828 1149 est,
843 1105 917 1142 hoc
937 1105 1043 1142 idem
1063 1111 1158 1142 ante
1177 1106 1392 1142 solstitium

209 1164 475 1215 quadragenis
495 1167 622 1214 quinis
643 1164 781 1201 diebus
800 1164 1053 1214 totidemque
1071 1170 1213 1213 postea
1231 1164 1332 1208 fieri,
1351 1169 1393 1200 et

126 1227 187 1259 184
210 1236 282 1272 per
303 1236 370 1260 eos
391 1223 463 1260 XC
483 1223 567 1260 dies
588 1225 629 1259 in
649 1222 859 1259 meridiem
879 1223 1039 1258 umbras
1060 1225 1145 1259 iaci.
1199 1235 1331 1258 rursus
1352 1224 1392 1258 in

210 1281 354 1318 Meroe
398 1281 541 1331 (insula
583 1280 682 1318 haec
724 1287 925 1330 caputque
968 1283 1100 1330 gentis
1144 1280 1390 1330 Aethiopum

208 1343 384 1389 quinque
422 1340 580 1376 milibus
619 1339 794 1376 stadium
833 1352 856 1375 a
894 1338 1026 1388 Syene
1064 1341 1105 1375 in
1143 1352 1261 1375 amne
1300 1338 1392 1375 Nilo

204 1397 426 1448 habitatur)
451 1399 510 1434 bis
538 1411 642 1434 anno
668 1398 821 1434 absumi
847 1398 1023 1441 umbras,
1047 1397 1131 1434 sole
1157 1397 1392 1434 duodevice-

206 1460 348 1493 simam
370 1460 475 1493 tauri
499 1462 658 1506 partem
682 1462 723 1493 et
746 1456 1129 1505 quartamdecimam
1151 1455 1274 1492 leonis
1297 1461 1393 1492 tunc

207 1516 429 1552 obtinente.
483 1518 524 1552 in
541 1515 679 1552 Indiae
695 1521 818 1565 gente
835 1514 1007 1552 Oretum
1022 1528 1135 1551 mons
1153 1520 1215 1551 est
1234 1514 1390 1551 Maleus

207 1578 366 1610 nomine
406 1578 518 1610 iuxta
556 1587 679 1622 quem
718 1574 884 1610 umbrae
923 1579 1080 1610 aestate
1119 1576 1158 1608 in
1197 1578 1392 1616 austrum,

207 1631 338 1669 hieme
356 1636 397 1669 in
413 1635 729 1682 septentrionem
748 1635 945 1668 iaciuntur
961 1644 970 1675 3
991 1631 1216 1681 quindecim
1233 1637 1393 1667 tantum

208 1692 390 1728 noctibus
429 1692 482 1727 ibi
522 1696 689 1740 apparet
728 1693 963 1739 septentrio.
1017 1693 1057 1726 in
1096 1689 1238 1726 eadem
1277 1689 1392 1726 India

209 1748 371 1792 Patalis,
391 1749 654 1785 celeberrimo
674 1754 808 1797 portu,
828 1748 886 1784 sol
905 1747 1050 1784 dexter
1069 1750 1209 1790 oritur,
1227 1747 1393 1783 umbrae

126 1812 188 1844 185
212 1811 251 1843 in
280 1807 488 1844 meridiem
518 1807 678 1843 cadunt.
732 1809 1049 1855 septentrionem
1078 1806 1129 1841 ibi
1162 1804 1392 1841 Alexandro

207 1872 391 1903 morante
439 1866 675 1902 adnotatum
721 1868 851 1914 prima
896 1871 1055 1901 tantum
1102 1869 1218 1913 parte
1264 1866 1392 1900 noctis

680 1987 696 2002 ⁶
721 1983 793 2014 The
809 1982 908 2014 Beas,

208 2037 280 2085 316
