1471 2326
361 130 529 168 PLINY
542 143 552 168 :
602 130 868 169 NATURAL
902 129 1139 168 HISTORY

159 232 331 270 educere
362 245 456 282 opes
489 245 628 269 eorum
659 231 851 282 adflixit):
895 234 1017 268 macti
1047 233 1211 281 ingenio
1242 235 1341 271 este.

159 297 260 333 caeli
292 299 535 346 interpretes
566 308 781 345 rerumque
813 301 981 331 naturae
1013 308 1192 344 capaces,
1224 307 1338 344 argu-

160 363 286 397 menti
329 365 557 409 repertores
602 373 680 409 quo
724 359 820 396 deos
865 358 1123 408 hominesque
1162 360 1308 395 vicistis
1330 358 1339 395 Ξ

94 429 137 459 55
163 426 248 473 quis
274 426 380 460 enim
404 422 504 459 haec
527 436 695 460 cernens
720 428 762 459 et
786 428 912 459 statos
937 421 1113 458 siderum
1139 421 1339 471 (quoniam

160 490 217 524 ita
249 487 453 536 appellare
486 486 651 536 placuit)
682 485 840 523 labores
873 498 952 522 non
983 498 1078 522 suae
1111 486 1339 522 necessitati

159 550 348 587 mortales
368 553 524 600 genitos
544 549 750 599 ignoscat?

214 613 327 650 Nunc
359 613 543 650 confessa
574 613 624 650 de
656 613 797 650 iisdem
827 613 1005 650 breviter
1036 618 1158 662 atque
1189 614 1343 661 capitu-

162 677 275 714 latim
310 680 510 727 attingam
543 679 698 714 ratione
734 676 948 713 admodum
982 678 1214 713 necessariis
1248 675 1341 712 locis

159 744 411 790 strictimque
434 741 606 784 reddita,
629 754 721 776 nam
745 753 875 790 neque
899 743 1073 776 instituti
1096 742 1227 789 operis
1249 739 1340 776 talis

161 807 459 854 argumentatio
481 810 556 848 est,
576 817 706 854 neque
727 807 903 840 omnium
922 817 1056 840 rerum
1076 802 1208 840 afferri
1226 815 1342 852 posse

160 881 296 904 causas
318 871 447 904 minus
469 871 614 904 mirum
636 873 698 904 est
720 880 839 916 quam
860 873 1044 904 constare
1065 869 1105 903 in
1125 866 1277 916 aliquis.

94 936 135 966 56
217 931 266 968 Χ.
322 931 517 968 Defectus
550 930 757 967 CCXXIII
789 931 991 966 mensibus
1024 929 1153 967 redire
1184 932 1224 966 in
1254 942 1345 966 suos

163 995 268 1031 orbis
299 1000 454 1031 certum
486 1000 562 1038 est,
590 994 683 1030 solis
714 993 896 1031 defectus
927 1007 1005 1030 non
1034 996 1108 1030 nisi
1137 996 1345 1030 novissima

163 1060 341 1108 primave
364 1058 449 1095 fieri
468 1058 575 1101 luna,
596 1058 703 1107 quod
722 1063 865 1094 vocant
884 1060 1048 1101 coitum,
1068 1057 1185 1093 lunae
1206 1063 1341 1093 autem

162 1135 240 1158 non
283 1124 356 1158 nisi
399 1121 532 1171 plena,
575 1134 814 1171 semperque
856 1124 958 1158 citra
1001 1134 1120 1170 quam
1162 1123 1344 1170 proxime

163 1185 335 1228 fucrint3
370 1186 551 1222 omnibus
575 1191 711 1222 autem
733 1188 844 1221 anm's
868 1185 954 1222 fieri
976 1187 1183 1234 utriusque
1204 1183 1344 1221 sideris

162 1248 345 1286 defectus
365 1252 480 1286 statis
501 1249 640 1285 diebus
659 1248 847 1298 horisque
866 1249 940 1285 sub
958 1254 1084 1292 terra,
1103 1261 1176 1285 nec
1194 1254 1346 1292 tamen,

161 1326 252 1349 cum
279 1325 451 1362 superne
479 1313 590 1356 fiant,
616 1313 764 1362 ubique
791 1315 914 1356 cerni,
940 1311 1153 1362 aliquando
1178 1317 1347 1361 propter

162 1376 312 1420 nubila,
334 1379 490 1426 saepius
515 1376 635 1426 globo
657 1382 794 1413 terrae
817 1377 1004 1413 obstante
1028 1376 1346 1412 convexitatibus

94 1444 140 1476 57
166 1440 315 1476 mundi.
371 1442 476 1477 intra
504 1439 696 1477 ducentos
726 1453 849 1476 annos
879 1439 1097 1489 Hipparchi
1125 1442 1346 1490 sagacitate

162 1509 400 1553 conpertum
424 1509 486 1540 est
511 1509 553 1540 et
586 1503 703 1540 lunae
733 1503 938 1540 defectum
972 1503 1184 1552 aliquando
1209 1505 1347 1552 quinto

161 1580 298 1604 mense
323 1580 345 1603 a
368 1570 501 1615 priore
526 1567 626 1611 fieri,
648 1567 741 1604 solis
766 1580 860 1604 vero
883 1570 1069 1617 septimo,
1093 1566 1265 1604 eundem
1289 1567 1347 1602 bis

208 1724 225 1739 ⁰
245 1716 380 1758 Eclipse
399 1717 438 1747 of
458 1717 517 1748 the
540 1727 652 1751 moon,
672 1717 712 1747 27
730 1716 828 1757 Aug„
847 1718 910 1748 413
930 1725 1009 1754 B.c.,
1027 1717 1150 1748 caused
1175 1716 1289 1747 Nicias
1311 1719 1349 1747 to

155 1761 257 1803 delay
283 1760 504 1801 abandoning
529 1758 590 1791 the
618 1758 708 1799 siege
732 1758 772 1789 of
792 1758 979 1799 Syracuse:
1012 1757 1187 1796 Plutarch,
1213 1758 1346 1796 Nicias,

158 1806 209 1837 23.

203 1847 216 1867 ὸ
239 1847 289 1878 Cf.
308 1847 323 1887 ξ
339 1847 380 1878 43
396 1856 431 1878 n.

202 1895 214 1910 0
238 1890 272 1921 It
294 1890 322 1920 is
345 1889 519 1930 tempting
540 1891 579 1919 to
601 1887 736 1918 rewrite
759 1886 830 1917 this
853 1886 1118 1926 passage—deos
1138 1885 1348 1926 hominesque

158 1933 336 1965 vinxistis!
375 1934 427 1971 (so
452 1942 517 1963 one
540 1930 627 1970 MS.)
658 1930 732 1970 quis
761 1929 851 1961 enim
876 1953 884 1961 .
910 1953 918 1961 .
943 1953 951 1961 .
977 1939 1044 1959 non
1067 1939 1129 1960 sua
1159 1930 1347 1961 necessitate

156 1976 366 2015 (Rackham)
376 1974 528 2006 mortales
539 1973 664 2013 qenitos
672 1974 720 2012 (v.
732 1974 775 2013 1.)
785 1975 939 2011 aqnoscac
951 1972 1097 2012 (Dalec.)
1110 1974 1123 2004 ἲ
1140 1970 1217 2003 ‘—a
1226 1972 1345 2014 theory

159 2049 232 2083 204
