1471 2326
330 127 525 165 PLINY:
573 127 840 165 NATURAL
878 126 1122 166 HISTORY

136 227 235 266 haut
267 229 431 266 dubium
462 229 670 279 reliquere.
741 242 791 266 an
822 232 874 267 sit
904 232 1106 267 inmensus
1145 235 1188 267 et
1227 229 1316 268 ideo

136 303 296 327 sensum
346 293 499 327 aurium
549 290 747 327 excedens
796 296 936 328 tantae
996 291 1109 328 molis
1157 297 1316 328 rotatae

135 354 330 401 vertigine
347 351 511 388 adsidua
530 354 680 388 sonitus
699 364 779 388 non
798 351 986 401 equidem
1005 351 1121 388 facile
1142 352 1314 389 dixerim

134 425 265 449 ——non
301 412 473 449 Hercule
510 415 636 462 magis
674 425 793 462 quam
829 415 1161 450 circumactorum
1197 413 1314 450 simul

135 475 303 510 tinnitus
357 473 531 510 siderum
580 486 750 523 suosque
800 473 1044 510 volventium
1093 475 1314 511 orbes—an

137 534 261 571 dulcis
302 534 463 584 quidam
504 540 546 571 et
585 534 805 571 incredibili
845 537 1043 572 suavitate
1084 541 1313 572 concentus.

137 596 249 632 nobis
286 598 353 645 qui
389 598 495 632 intus
533 598 686 645 agimus
722 598 835 632 iuxta
871 595 1011 632 diebus
1047 597 1313 646 noctibusque

98 661 117 691 7
136 659 282 693 tacitus
310 656 458 693 labitur
485 656 667 693 mundus.
724 669 809 693 esse
842 659 1069 693 innumeras
1098 659 1134 693 ei
1167 657 1316 707 effigies

137 718 365 754 animalium
387 731 599 768 rerumque
622 723 856 754 cunctarum
877 720 1074 768 inpressas
1097 731 1184 762 nec,
1207 724 1253 755 ut
1273 720 1314 755 in

137 779 337 815 volucrum
367 785 552 816 notamus
582 781 677 823 ovis,
705 778 871 815 levitate
900 781 1090 816 continua
1120 779 1314 816 lubricum

136 853 290 890 corpus,
340 840 446 890 quod
500 840 704 876 clarissimi
754 845 935 876 auctores
985 840 1136 885 dixere,
1184 853 1316 877 rerum

136 903 382 950 argumentis
406 901 618 945 indicatur,
644 903 831 950 quoniam
855 900 948 937 inde
974 901 1151 938 deciduis
1180 914 1313 938 rerum

135 965 312 998 omnium
343 963 558 999 seminibus
589 959 837 1005 innumeris,1
867 964 908 998 in
947 965 1046 998 mari
1086 965 1316 1012 praecipue,

135 1036 181 1059 ac
196 1023 430 1073 plerumque
447 1022 618 1060 confusis
634 1022 901 1060 monstrificae
917 1026 1134 1073 gignantur
1151 1024 1314 1074 effigies,

134 1090 345 1134 praeterea
380 1087 483 1121 visus
518 1085 767 1134 probatione,
805 1084 897 1121 alibi
934 1087 1026 1128 ursi,
1063 1087 1167 1121 tauri
1204 1084 1311 1129 alibi,

135 1145 225 1182 alibi
250 1145 447 1195 plaustri,2
468 1146 559 1182 alibi
582 1145 742 1182 litterae
764 1146 905 1197 figura,
925 1145 1152 1182 candidiore
1182 1145 1316 1183 medio

135 1219 206 1256 per
224 1209 415 1243 verticem
434 1207 590 1243 circulo.

93 1272 114 1304 8
182 1268 381 1317 Equidem
409 1274 450 1304 et
476 1281 669 1304 consensu
697 1271 880 1318 gentium
908 1281 1079 1305 moveor.
1136 1281 1310 1318 namque

135 1335 177 1365 et
209 1328 382 1366 Graeci3
415 1331 574 1365 nomine
606 1332 829 1366 ornamenti
862 1329 1112 1379 appellavere
1145 1342 1238 1366 eum
1269 1335 1312 1367 et

134 1403 204 1427 nos
251 1403 273 1426 a
317 1390 499 1440 perfecta
544 1390 805 1440 absolutaque
852 1390 1054 1440 elegantia
1104 1390 1310 1428 mundum.

134 1451 289 1487 caelum
313 1451 475 1501 quidem
501 1450 599 1488 haut
630 1451 750 1488 dubie
781 1451 925 1488 caelati
951 1457 1189 1501 argumento
1221 1451 1315 1488 dici-

95 1517 115 1549 9
132 1512 251 1556 mus‚⁴¹
264 1518 308 1549 ut
324 1515 612 1562 interpretatur
630 1512 687 1548 M.
702 1512 838 1549 Varro.
888 1512 1050 1549 adiuvat
1069 1525 1202 1549 rerum
1221 1512 1316 1549 ordo

187 1598 199 1617 ¹
223 1597 412 1629 Rackham:
443 1598 649 1629 innumerae.

186 1640 198 1658 ²
222 1640 301 1671 alibi
318 1640 460 1681 plaustri
477 1640 529 1672 hic
545 1640 726 1677 Rmkham,
741 1645 816 1672 ante
832 1645 890 1672 aut
907 1644 980 1682 post
997 1639 1077 1671 alibi
1096 1640 1164 1671 ursi
1181 1644 1238 1672 aut
1253 1650 1316 1672 om.

139 1683 227 1715 eald.

186 1725 198 1744 ³
222 1726 273 1756 v.l.
292 1736 371 1756 nam
389 1736 490 1766 quem
509 1725 632 1766 κόσμον
648 1724 776 1757 Graeci.

186 1768 199 1787 ⁴
222 1768 274 1800 v.l.
293 1768 453 1800 diximus.

178 1894 195 1950 ’ἑ
218 1889 392 1941 Deltoton,
410 1889 468 1920 the
485 1889 719 1920 constellation
738 1889 776 1920 of
787 1889 846 1920 the
861 1889 1027 1931 Triangle,
1045 1889 1153 1921 Greek
1170 1895 1208 1921 Δ.

181 1980 192 1994 ⁰
215 1945 367 2006 §fgffiz's
387 1974 485 2016 (adj.)
506 1985 622 2006 means
644 1975 650 1986 ¹
668 1975 771 2014 neat,’
794 1975 800 1986 ‘
817 1974 973 2017 elegant.)

141 2046 210 2082 174
