1471 2326
427 120 595 158 PLINY
608 134 617 157 z
666 119 930 158 NATURAL
963 118 1201 157 HISTORY

223 236 334 266 num,
354 228 560 260 tantarum
581 221 799 272 paludium,
820 221 1019 258 addantur
1041 226 1083 258 et
1102 220 1224 263 lacus,
1244 224 1401 270 stagna,

224 289 303 323 iam
325 287 433 323 elata
453 289 493 322 in
513 286 669 322 caelum
690 299 735 322 ac
757 285 881 321 ardua
902 284 1095 334 adspectu
1117 296 1275 334 quoque
1296 286 1403 333 iuga,

224 353 303 386 iam
339 350 460 387 silvae
497 349 699 398 vallesque
735 354 978 398 praeruptae
1016 353 1058 385 et
1092 347 1324 384 solitudines
1362 351 1404 383 et

224 414 334 450 mille
361 413 412 450 el
441 416 567 450 causis
596 413 780 455 deserta3
813 411 1077 448 detrahantur
1102 411 1178 448 hae
1204 416 1268 448 tot
1296 415 1406 459 port-

224 479 334 513 iones
360 482 509 520 terrae,
530 479 650 513 immo
671 489 780 519 vero,
800 482 846 512 ut
870 475 1003 525 plures
1026 475 1244 518 tradidere,
1268 474 1404 512 mundi

226 546 375 589 puncto
410 540 557 590 (neque
592 543 697 576 enim
732 539 840 576 aliud
874 545 936 576 est
968 545 1079 575 terra
1112 541 1153 575 in
1185 538 1406 588 universo):

221 603 321 640 haec
352 610 414 641 est
444 606 615 640 materia
646 603 798 653 gloriae
830 608 1006 645 nostrae,
1036 602 1135 639 haec
1176 602 1307 647 sedes,
1343 601 1406 638 hic

224 666 394 704 honores
425 671 615 718 gerimUS‚
647 667 709 704 hic
742 680 972 703 exercemus
1005 668 1185 715 imperia,
1216 665 1278 702 hic
1311 678 1406 715 opes

225 734 419 780 cupimus,
460 731 523 767 hic
566 731 860 767 tumultuamur
901 729 1120 766 humanum
1161 743 1303 780 genus,
1344 729 1407 766 hic

226 798 492 831 instauramus
522 795 629 831 bella
658 798 780 831 etiam
808 794 937 830 civilia
964 796 1193 842 mutuisque
1220 793 1406 830 caedibus

143 863 205 894 175
225 859 415 895 laxiorem
423 858 586 895 facimus
594 859 757 895 terram!
779 864 820 894 et
828 864 872 894 ut
881 857 1057 906 publicos
1068 860 1248 907 gentium
1255 856 1407 894 furores

224 928 442 966 transeam,
460 922 558 959 haec
576 925 617 958 in
635 935 714 972 qua
731 924 999 958 conterminos
1018 921 1202 970 pellimus
1221 920 1408 970 furtoque

227 989 341 1022 vicini
370 989 589 1036 caespitem
623 992 761 1023 nostro
794 985 879 1022 solo
913 984 1150 1029 adsodimus,
1177 990 1223 1022 ut
1256 987 1323 1035 qui
1354 984 1410 1021 la-

224 1053 377 1087 tissime
398 1063 491 1087 rura
511 1056 686 1087 metatus
708 1049 830 1086 fuerit
852 1049 1037 1098 ultraque
1059 1048 1207 1085 famam
1229 1050 1410 1098 exegerit

225 1113 383 1150 adcolas
413 1120 536 1164 quota
562 1120 763 1151 terrarum
790 1119 906 1163 parte
934 1113 1124 1163 gaudeat,
1151 1112 1215 1149 vel
1241 1126 1331 1149 cum
1359 1112 1410 1149 ad

225 1191 452 1214 mensuram
471 1181 660 1214 avaritiae
679 1190 772 1214 suae
791 1179 1090 1227 propagaverit,
1108 1189 1228 1226 quam
1244 1176 1409 1213 tandem

225 1245 451 1290 portionem
471 1245 552 1278 eius
572 1241 784 1278 defunctus
803 1241 1004 1278 obtineat!

147 1310 206 1341 176
282 1305 426 1342 LXIX.
484 1306 663 1342 Mediam
695 1318 781 1342 esse
810 1311 963 1342 terram
992 1304 1129 1341 mundi
1158 1307 1281 1341 totius
1311 1303 1410 1341 haut

226 1369 354 1406 dubiis
380 1376 538 1406 constat
564 1372 826 1419 argumentis,
850 1369 921 1405 sed
945 1369 1162 1405 clarissimo
1186 1370 1410 1418 aequinocti

226 1434 386 1483 paribus
403 1433 522 1470 horis.
576 1447 668 1469 nam
687 1436 759 1470 nisi
778 1436 817 1469 in
834 1432 966 1469 medio
985 1438 1105 1476 esset,
1123 1432 1308 1482 aequales
1326 1432 1410 1469 dies

226 1503 444 1547 noctesque
490 1497 639 1534 habere
685 1510 765 1534 non
810 1510 925 1546 posse
971 1496 1273 1546 deprehendere
1320 1495 1412 1540 est,²

226 1561 489 1612 dioptraeque
518 1562 580 1598 vel
608 1564 782 1598 maxime
808 1561 1056 1604 confirmant,
1084 1574 1175 1597 cum
1203 1563 1411 1610 aequinoc-

225 1626 310 1661 tiali
360 1632 544 1676 tempore
595 1639 645 1662 ex
686 1625 827 1662 eadem
868 1625 972 1661 linea
1011 1631 1121 1662 ortus
1172 1637 1411 1674 occasusque

226 1696 427 1734 cernatur,
445 1689 643 1726 solstitiali
665 1696 826 1726 exortus
847 1702 919 1738 per
938 1702 1050 1725 suam
1069 1688 1229 1732 lineam,
1242 1688 1411 1725 brumali

383 1778 396 1798 ¹
421 1789 439 1809 e
453 1778 528 1809 add.
545 1778 723 1809 Rackham.
905 1777 916 1795 ²
939 1781 992 1808 est
1010 1776 1166 1817 Mayhoff
1176 1789 1184 1808 z
1214 1780 1260 1808 et.

273 1889 380 1920 “The
403 1889 555 1920 Romans
577 1888 715 1919 divided
738 1888 797 1919 the
819 1887 952 1929 periods
975 1887 1062 1918 from
1085 1887 1214 1918 sunrise
1235 1891 1272 1918 to
1293 1891 1411 1918 suaset

228 1932 294 1964 and
319 1933 406 1963 from
430 1936 547 1962 sunset
570 1936 607 1962 to
630 1932 759 1962 sunrise
782 1931 866 1963 each
888 1932 961 1962 into
985 1931 1107 1962 twelve
1129 1930 1243 1968 hours,
1268 1931 1412 1972 varying

228 1975 261 2006 in
280 1975 397 2016 length
413 1975 496 2006 with
513 1974 572 2006 the
589 1984 735 2006 seasons.

227 2031 299 2078 308
