1471 2326
377 127 545 166 PLINY
557 142 567 167 :
615 129 879 167 NATURAL
913 129 1143 167 HISTORY

178 230 378 268 exhalant.
433 231 539 281 quod
576 235 618 268 in
655 235 752 268 totis
790 237 954 269 notatur
993 231 1169 281 oppidis:
1221 234 1349 270 minus

178 298 410 345 quatiuntur
457 296 606 332 crebris
653 295 704 332 ad
750 295 919 332 eluviem
965 295 1152 332 cuniculis
1198 302 1351 340 cavata,

176 359 382 409 multoque
408 366 500 396 sunt
525 363 676 396 tutiora
699 362 739 396 in
764 359 902 396 iisdem
928 359 1004 396 illis
1031 373 1133 409 quae
1158 359 1351 409 pendent,

175 426 291 460 sicuti
318 423 485 473 Neapoli
508 427 549 460 in
575 424 692 461 Italia
715 423 975 475 intellegitur,
998 429 1114 473 parte
1141 426 1222 461 eius
1250 437 1352 474 quae

177 487 304 524 solida
340 494 401 525 est
435 488 487 524 ad
519 488 621 524 tales
656 501 767 524 casus
803 488 984 525 obnoxia.
1037 490 1225 525 tutissimi
1259 493 1352 524 sunt

177 551 447 589 aedificiorum
464 552 647 596 fornices,
664 552 798 602 anguli
814 565 972 602 quoque
987 555 1186 602 parietum
1201 558 1353 602 postes-

178 629 256 665 que
296 616 452 652 alterno
491 616 607 666 pulsu
645 619 888 660 renitentes3
943 622 985 653 et
1022 616 1150 653 latere
1188 622 1352 653 terreno

95 684 157 716 198
181 679 276 717 facti
327 683 501 730 parietes
552 683 704 717 minore
755 693 860 717 noxa
911 683 1155 730 quatiuntur.
1207 693 1354 730 magna

178 743 403 781 differentia
439 751 501 781 est
537 751 579 782 et
614 748 655 781 in
690 748 775 794 ipso
811 758 961 795 genere
995 750 1141 788 motus,
1175 744 1353 794 pluribus

177 809 372 858 siquidem
392 809 517 846 modis
538 812 738 859 quatitur3
770 812 1015 846 tutissimum
1035 814 1097 846 est
1116 822 1206 845 cum
1224 809 1354 846 vibrat

175 876 376 922 crispante
416 873 683 910 aedificiorum
722 876 877 923 crepitu
917 878 959 910 et
997 886 1087 909 cum
1125 875 1354 910 intumescit

177 937 392 987 adsurgens
409 937 641 988 alternoque
660 943 773 974 motu
790 937 927 974 residit
943 950 951 981 ;
981 939 1183 973 innoxium
1205 943 1245 973 et
1264 950 1353 974 cum

177 1005 454 1039 concurrentia
482 1008 592 1039 tecta
619 1005 817 1038 contrario
845 1004 926 1038 ictu
955 1004 1141 1045 arietant,
1170 1004 1355 1051 quoniam

182 1065 285 1102 alter
315 1072 444 1103 motus
477 1066 594 1103 alteri
620 1069 818 1103 renititur.
874 1066 1059 1103 undantis
1085 1065 1286 1102 inclinatio
1313 1071 1355 1103 et

181 1129 322 1167 fluctus
338 1144 447 1167 more
460 1131 654 1181 quaedam
670 1130 862 1167 volutatio
876 1129 1021 1167 infesta
1037 1135 1111 1174 est,
1123 1135 1192 1166 aut
1207 1143 1296 1166 cum
1314 1132 1355 1166 in

182 1207 301 1231 unam
314 1201 469 1244 partem
482 1201 590 1232 totus
603 1208 645 1232 se
656 1201 786 1232 motus
799 1195 967 1244 inpellit.
1020 1194 1205 1231 desinunt
1219 1200 1355 1231 autem

180 1264 374 1296 tremores
398 1273 486 1296 cum
510 1265 650 1296 ventus
672 1262 846 1303 emersit,
861 1261 922 1295 sin
940 1272 1032 1295 vero
1051 1258 1258 1302 duravere,
1276 1271 1355 1295 non

183 1329 277 1360 ante
297 1323 371 1359 XL
385 1323 468 1361 dies
483 1327 692 1366 sistuntur,
709 1323 947 1373 plerumque
968 1328 1009 1360 et
1028 1323 1193 1367 tardius,
1213 1328 1354 1372 utpote

179 1401 269 1423 cum
289 1388 448 1437 quidam
467 1401 598 1425 armuo
618 1393 660 1425 et
676 1388 811 1424 bienni
829 1390 958 1438 spatio
977 1386 1218 1424 duraverint.

98 1455 159 1487 199
234 1451 430 1489 LXXXV.
485 1452 652 1489 Factum
687 1458 748 1489 est
781 1451 920 1496 semel,
954 1451 1061 1502 quod
1095 1451 1281 1501 equidem
1314 1453 1355 1488 in

183 1515 377 1553 Etruscae
403 1516 634 1566 disciplinae
653 1516 915 1553 voluminibus
932 1518 1102 1560 invenio,
1118 1518 1257 1566 ingens
1274 1521 1356 1553 ter-

178 1593 310 1616 rarum
330 1587 562 1630 portentum
583 1580 627 1618 L.
647 1580 799 1617 Marcio
819 1580 942 1618 Sexto
963 1580 1063 1617 Iulio
1082 1593 1179 1617 coss.
1200 1583 1241 1616 in
1260 1592 1355 1630 agro

182 1644 414 1682 Mutinensi.
455 1658 627 1695 namque
639 1651 795 1682 montes
808 1644 887 1682 duo
898 1647 1003 1682 inter
1014 1657 1058 1681 se
1069 1650 1355 1682 concurrerunt

179 1712 333 1757 crepitu
354 1712 527 1746 maximo
548 1709 794 1747 adsultantes
814 1709 1143 1759 recedentesque,
1162 1711 1268 1745 inter
1289 1721 1354 1745 θοε

181 1772 341 1810 flamma
392 1773 582 1824 fumoque
634 1777 675 1810 in
726 1773 881 1810 caelum
935 1779 1110 1810 exeunte
1166 1772 1354 1817 interdiu,

180 1844 388 1886 spectante
410 1851 431 1875 e
451 1841 513 1874 via
532 1837 703 1875 Aemilia
722 1851 867 1888 magna
888 1840 1067 1887 equitum
1087 1837 1352 1874 Romanorum

181 1900 499 1953 familiarumque
539 1908 582 1940 et
620 1905 817 1939 viatorum
855 1901 1124 1939 multitudine.
1179 1914 1226 1939 eo
1265 1914 1354 1938 con·

676 2008 751 2038 *sl
771 2015 826 2038 ιε

180 2052 250 2100 328
