1471 2326
165 530 206 561 25

169 835 210 864 26

171 1444 210 1475 27

432 119 600 157 PLINY
620 133 628 157 :
677 118 944 156 NATURAL
981 110 1220 156 HISTORY

234 225 311 259 seri
342 225 479 272 possit.
539 228 582 259 at
613 235 703 259 cum
735 224 958 266 intraveris,
989 221 1030 258 di
1062 221 1258 270 deaeque,
1290 234 1409 271 quam

233 282 328 319 nihil
349 286 389 319 in
409 283 541 320 medio
561 283 760 320 invenies!
791 285 915 319 nostri
935 280 1165 333 gravioresl
1180 283 1411 332 Antiquita-

234 349 337 387 tum,
357 344 642 394 Exemplorum
672 344 928 393 Artiumque,
949 343 1180 380 facetissimi
1210 342 1411 379 Lucubra-

235 407 404 449 tionum,
444 410 543 455 puto
585 407 678 454 quia
718 404 929 441 Bibaculus
971 410 1058 441 erat
1099 409 1141 441 et
1181 404 1410 440 vocabatur.

235 465 351 514 paulo
380 468 509 502 minus
539 465 689 502 adserit
718 465 841 502 Varro
871 467 910 501 in
940 467 1070 502 satiris
1100 467 1179 502 suis
1209 464 1411 501 sesculixe

234 531 275 562 et
297 526 545 563 Flextabula.
592 526 699 576 apud
719 526 893 563 Graecos
913 526 1032 563 desiit
1052 528 1192 576 nugari
1214 525 1412 562 Diodorus

235 593 276 623 et
317 589 565 636 βιβλιοθήκης
607 586 812 624 historiam
856 600 968 624 suam
1010 589 1220 637 inscripsit.
1282 587 1413 636 Apion

235 648 396 697 quidem
438 651 723 698 grammaticus
765 647 844 697 (hic
886 661 1005 697 quem
1046 648 1227 684 Tiberius
1269 647 1414 684 Caesar

235 709 463 758 cymbalum
502 709 639 745 mundi
680 710 862 753 vocabat,
901 722 1020 758 quom
1059 711 1242 758 propriae
1283 707 1413 745 famae

235 774 473 819 tympanum
505 773 637 819 potius
670 770 794 806 videri
825 770 976 819 posset)
1010 769 1314 806 immortalitate
1347 769 1414 805 do-

238 833 322 866 nari
339 843 361 866 a
377 844 418 867 se
435 833 590 880 scripsit
607 831 657 867 ad
674 844 771 880 quos
788 830 919 880 aliqua
935 831 1214 880 componebat.
1256 843 1320 866 me
1338 843 1414 866 non

237 894 420 940 paenitet
463 891 615 927 nullum
658 891 902 928 festiviorem
945 893 1196 941 excogitasse
1238 891 1414 927 titulum.

237 958 279 988 et
302 965 351 988 ne
376 955 416 988 in
439 958 571 988 totum
594 952 730 988 videar
754 952 928 988 Graecos
951 954 1152 996 insectari,
1176 964 1225 988 ex
1248 952 1322 988 illis
1346 964 1416 988 nos

239 1012 354 1048 velim
395 1013 575 1063 intellegi
617 1013 808 1063 pingendi
849 1012 1106 1062 fingendique
1147 1012 1416 1049 conditoribus

236 1086 333 1123 quos
364 1075 403 1109 in
434 1073 575 1110 libellis
605 1073 664 1110 his
694 1076 871 1110 invenies
903 1073 1086 1110 absoluta
1115 1086 1251 1123 opera,
1280 1079 1323 1110 et
1351 1073 1417 1109 illa

237 1147 395 1183 quoquc
420 1147 521 1184 quae
546 1134 725 1171 mirando
748 1148 826 1170 non
850 1136 1056 1178 satiamur,
1079 1134 1273 1184 pendenti
1296 1133 1416 1170 titulo

238 1197 494 1245 inscripsisse,
542 1201 587 1232 ut
645 1195 794 1245 Apelles
841 1194 1015 1246 faciebat
1073 1201 1143 1231 aut
1201 1194 1416 1246 Polyclitus,

238 1262 445 1305 tamquam
482 1255 668 1292 inchoata
704 1269 862 1306 semper
898 1262 984 1292 arte
1022 1262 1064 1293 et
1099 1255 1337 1306 inperfecta,
1372 1262 1418 1292 ut

237 1323 376 1353 contra
431 1317 665 1353 iudiciorum
721 1319 938 1354 varietates
994 1323 1222 1366 superesset
1277 1316 1417 1353 artifici

237 1391 439 1427 regressus
461 1378 511 1414 ad
532 1380 704 1422 veniam,
722 1377 832 1414 velut
853 1378 1117 1414 emendaturo
1143 1377 1333 1427 quicquid
1351 1377 1415 1414 de-

239 1439 482 1475 sideraretur
506 1441 537 1475 si
562 1452 640 1475 non
667 1444 773 1475 esset
796 1441 1057 1488 interceptus.
1109 1451 1232 1488 quare
1256 1438 1418 1488 plenum

239 1500 503 1536 verecundiae
536 1499 632 1536 illud
665 1505 727 1536 est
759 1499 865 1549 quod
896 1502 1029 1536 omnia
1060 1513 1182 1549 opera
1212 1506 1418 1549 tamquam

237 1563 448 1597 novissima
495 1563 728 1610 inscripsere
777 1566 819 1597 et
869 1566 1078 1610 tamquam
1126 1560 1289 1610 singulis
1337 1560 1420 1597 fato

238 1621 430 1671 adempti.
499 1624 577 1658 tria
617 1634 695 1658 non
736 1621 919 1671 amplius,
960 1627 1005 1657 ut
1045 1624 1197 1671 opinor,
1238 1621 1421 1658 absolute

682 1705 695 1724 ¹
720 1705 772 1736 v.l.
792 1706 981 1736 crassiores.

253 1795 296 1865 h‘
313 1790 518 1864 l§.ekforget
545 1801 590 1822 an
617 1791 808 1832 important
836 1794 1061 1831 engagement
1089 1791 1122 1821 in
1151 1790 1250 1821 order
1277 1795 1314 1822 to
1343 1790 1421 1822 read

236 1838 252 1866 t
278 1844 295 1864 e
337 1844 377 1864 00
406 1858 412 1864 .

285 1877 298 1896 θ
322 1877 384 1907 We
412 1876 534 1906 should
563 1886 623 1916 say
649 1875 705 1906 ‘to
730 1875 815 1906 blow
845 1875 896 1906 his
925 1885 999 1906 own
1029 1876 1205 1915 tru1npet.'
1254 1875 1422 1907 Diodorus

236 1919 368 1951 Siculus
392 1919 425 1949 in
450 1919 509 1949 the
533 1919 616 1949 time
641 1918 679 1948 of
701 1918 885 1959 Augustus,
913 1925 1016 1949 wrote
1039 1928 1060 1949 a
1084 1917 1254 1949 universal
1278 1917 1420 1960 history,

238 1966 318 2003 part
334 1961 372 1992 of
385 1961 495 1992 which
512 1961 539 1992 is
555 1961 624 1992 still
641 1965 774 1992 extant.

247 2023 290 2059 16
