1471 2326
372 112 540 151 PLINY
554 128 562 150 ε
612 113 876 152 NATURAL
911 113 1148 152 HISTORY

174 215 257 252 sole
296 214 546 265 humilesque
585 215 757 259 sublimi,
797 221 839 252 et
878 218 1048 252 minores
1087 218 1241 252 oriente
1282 221 1349 253 aut

175 276 383 313 occidente
409 276 480 313 sed
502 279 543 312 in
565 276 819 313 latitudinem
843 276 1016 321 demissi,
1039 276 1206 313 meridie
1229 277 1351 313 exiles

173 350 310 373 verum
323 337 493 374 ambitus
509 340 678 374 maioris.
732 343 887 373 aestate
905 342 1040 373 autem
1057 350 1130 386 per
1145 337 1350 374 meridiem

176 410 256 434 non
301 405 518 434 cernuntur
559 404 649 447 post
696 401 875 434 autumni
918 400 1211 447 aequinoctium
1258 411 1353 447 qua·

177 471 346 508 cumque
366 457 487 502 hora3
518 472 591 495 nec
611 472 801 508 umquam
821 458 953 507 plures
973 458 1087 494 simul
1108 472 1227 508 quam
1247 458 1337 495 duo.

95 524 156 555 152
231 519 336 556 LXI.
393 519 540 556 Cetera
566 519 743 556 eiusdem
770 525 937 556 naturae
966 532 1046 556 non
1070 519 1204 556 multis
1233 519 1351 556 dubia

179 593 265 616 esse
295 579 432 618 video:
473 580 707 630 grandinem
735 580 981 630 conglaciato
1011 580 1137 617 imbre
1168 583 1278 630 gigni
1311 585 1354 617 et

178 643 308 677 nivem
322 641 463 677 eodem
478 654 615 677 umore
630 641 786 677 mollius
799 646 949 685 coacto,
960 644 1142 690 pruinam
1155 647 1290 678 autem
1304 654 1354 678 ex

176 714 265 738 rore
285 702 418 752 gelido
432 714 440 745 ;
460 715 532 751 per
546 702 719 739 hiemem
735 705 842 739 nives
858 702 1016 745 cadere,
1035 715 1114 738 non
1127 702 1355 752 grandines,

176 765 359 812 ipsasque
379 763 590 813 grandines
616 763 789 800 interdiu
817 765 972 812 saepius
1002 776 1121 812 quam
1149 769 1284 807 noctu,
1312 768 1355 800 et

178 823 305 860 multo
316 823 483 860 celerius
495 824 635 860 resolvi
649 837 768 873 quam
780 827 888 860 nives
902 835 911 867 ;
937 823 1100 860 nebulas
1113 837 1187 860 nec
1199 829 1354 861 aestate

177 897 250 920 nee
266 887 440 921 maximo
455 884 604 935 frigore
622 888 829 928 exsistere,
843 897 952 921 rores
969 897 1099 934 neque
1115 884 1209 935 gelu
1224 897 1355 934 neque

179 945 383 982 ardoribus
396 958 527 995 neque
542 948 670 982 ventis
685 958 759 982 nec
774 948 847 982 nisi
860 958 1003 982 serena
1016 951 1134 982 nocte
1147 957 1156 989 3
1183 945 1355 996 gelando

177 1005 372 1055 liquorem
414 1009 551 1050 minui,
593 1007 849 1056 resolutaque
891 1006 1019 1056 glacie
1061 1019 1141 1043 non
1183 1006 1355 1043 eundem

177 1069 343 1103 inveniri
360 1067 545 1110 modum;
577 1071 791 1104 varietates
809 1067 986 1104 colorum
1004 1067 1298 1117 figurarumque
1315 1070 1355 1104 in

178 1128 346 1164 nubibus
388 1132 496 1165 cerni
537 1135 657 1178 prout
698 1128 898 1165 admixtus
940 1131 1040 1178 ignis
1081 1134 1245 1177 superet
1285 1134 1355 1166 aut

94 1193 156 1225 153
181 1191 381 1232 vincatur3
432 1189 560 1226 LXII.
614 1195 827 1239 praeterea
862 1189 1054 1238 quasdam
1088 1192 1356 1238 proprietates

178 1250 414 1299 quibusdam
430 1250 525 1287 locis
545 1264 645 1294 esse,
661 1250 833 1287 roscidas
852 1256 1009 1286 aestate
1026 1249 1188 1287 Africae
1205 1256 1357 1294 noctes,

178 1313 219 1346 in
233 1311 348 1347 Italia
363 1311 497 1347 Locris
512 1318 552 1348 et
567 1315 606 1347 in
618 1311 705 1347 lacu
719 1311 859 1347 Velino
873 1311 981 1347 nullo
993 1324 1073 1347 non
1086 1310 1150 1347 die
1164 1310 1357 1359 adparere

177 1384 305 1415 arcus,
340 1371 467 1409 Rhodi
504 1378 546 1409 et
581 1372 782 1422 Syracusis
819 1384 1036 1421 numquam
1070 1377 1187 1408 tanta
1221 1371 1357 1408 nubila

179 1432 320 1469 obduci
342 1439 386 1469 ut
402 1447 479 1469 non
502 1433 634 1483 aliqua
648 1432 747 1470 hora
765 1432 824 1469 sol
838 1438 1025 1469 cernatur
1040 1446 1049 1477 3
1078 1432 1210 1482 qualia
1225 1435 1355 1483 aptius

177 1496 256 1529 suis
274 1493 498 1531 referentur
513 1494 620 1531 locis.

230 1555 341 1592 Haec
357 1558 435 1592 sint
452 1556 558 1592 dieta
575 1556 625 1592 de
642 1568 747 1592 aere.

97 1620 159 1651 154
234 1615 383 1653 LXIII.
438 1615 625 1666 Sequitur
659 1622 783 1660 terra,
819 1619 879 1653 cui
918 1619 983 1653 uni
1019 1630 1152 1654 rerum
1188 1622 1356 1654 naturae

178 1680 352 1726 partium
378 1680 523 1714 eximia
546 1683 711 1726 propter
734 1681 879 1714 merita
901 1691 1122 1728 cognomen
1146 1678 1355 1715 indidimus

179 1744 387 1775 maternae
410 1742 688 1775 venerationis.
742 1741 796 1775 sic
819 1738 1023 1775 hominum
1043 1739 1112 1774 illa
1134 1745 1179 1775 ut
1202 1738 1356 1775 caelum

179 1798 257 1841 ἀεὶ,
280 1813 381 1848 quae
403 1813 473 1836 nos
495 1806 704 1836 nascentes
728 1802 890 1848 excipit,
910 1806 1025 1836 natos
1046 1799 1132 1843 alit,
1151 1799 1356 1849 semelque

221 1916 236 1930 ⁰
258 1911 349 1942 That
365 1913 402 1948 is,
420 1911 479 1942 the
495 1916 600 1942 water
616 1912 643 1942 is
659 1911 697 1942 of
709 1911 816 1952 larger
833 1911 916 1942 bulk
935 1911 1021 1942 than
1042 1911 1101 1942 the
1121 1911 1169 1942 ice
1187 1921 1267 1942 was.
1314 1910 1354 1943 In

177 1955 249 1986 fac-t
265 1955 301 1985 of
317 1965 434 1986 course
451 1954 509 1986 the
525 1957 683 1996 opposite
699 1955 727 1985 is
743 1960 828 1986 true.

173 2017 244 2052 288
