1471 2326
371 129 538 166 PLINY
551 142 561 167 ε
610 129 875 167 NATURAL
909 128 1147 168 HISTORY

173 231 328 269 caelum
354 231 608 281 appellavere
631 233 801 267 maiores
828 230 934 280 quod
959 231 1034 267 alio
1059 234 1218 269 nomine
1244 245 1350 275 aera,

175 306 292 329 omne
312 292 417 342 quod
434 295 540 328 inani
557 292 686 328 simile
703 291 866 328 vitalem
882 291 986 328 hunc
1004 295 1188 341 spiritum
1205 292 1347 329 fundit.

176 353 286 390 Infra
331 353 465 389 lunam
510 353 609 389 haec
654 353 783 396 sedes,
828 353 1036 402 multoque
1081 352 1245 390 inferior
1290 354 1349 403 (ut

175 414 450 451 animadverto
487 413 776 463 propemodum
814 414 1029 464 constare),
1065 414 1263 451 infinitum
1301 427 1351 451 ex

174 478 379 525 superiore
408 481 552 512 natura
582 477 699 518 aeris,
727 474 925 511 infinitum
956 480 997 511 et
1026 477 1176 511 terreni
1206 474 1351 512 halitus

174 540 343 573 miscens
382 542 553 586 utraque
591 541 701 572 sorte
738 535 1005 572 confunditur.
1070 536 1160 573 hinc
1203 536 1352 580 nubila,

173 600 353 634 tonitrua
387 603 429 634 et
463 597 541 633 alia
573 596 754 640 fulmina,
786 596 877 634 hinc
910 597 1139 647 grandines,
1171 600 1352 647 pruinae,

173 659 335 702 imbres,
359 658 573 708 procellae,
598 658 792 701 turbines,
816 657 906 694 hinc
930 658 1101 707 plurima
1125 658 1351 695 mortalium

91 725 152 756 103
175 720 280 756 mala
311 725 352 757 et
382 732 517 756 rerum
549 725 718 755 naturae
750 732 886 769 pugna
917 732 1064 756 secum.
1117 725 1281 757 terrena
1313 722 1352 755 in

175 780 331 817 caelum
361 780 573 817 tendentia
604 780 793 829 deprimit
823 779 999 816 siderum
1029 782 1100 824 vis,
1131 780 1351 830 eademque

175 855 278 892 quae
312 847 455 891 sponte
489 854 569 878 non
602 841 773 878 subeant
807 840 859 877 ad
891 854 933 877 se
967 840 1105 878 trahit.
1159 841 1350 878 decidunt

174 904 336 946 imbres,
373 902 544 939 nebulae
582 903 770 946 subeunt,
807 904 1006 938 siccantur
1043 915 1195 946 amnes,
1231 908 1351 939 ruunt.

173 964 401 1014 grandines,
422 969 581 1000 torrent
603 963 701 1000 radii
726 969 768 1000 et
789 969 941 1000 terram
964 965 1004 999 in
1029 963 1161 1000 medio
1183 963 1319 1000 mundi
1336 962 1351 987 ¹

174 1025 350 1074 undique
378 1024 606 1074 impellunt,
633 1024 754 1061 iidem
782 1023 941 1060 infracti
968 1024 1151 1061 resiliunt
1180 1030 1222 1062 et
1250 1038 1352 1074 quae

174 1085 393 1136 potavere2
431 1085 619 1122 auferunt
660 1098 807 1122 secum.
863 1098 985 1134 vapor
1027 1098 1077 1122 ex
1118 1085 1200 1122 alto
1246 1086 1351 1123 cadit

171 1160 408 1196 rursumque
438 1150 479 1183 in
509 1147 636 1183 altum
666 1146 782 1183 redit.
838 1149 946 1183 venti
977 1149 1169 1196 ingruunt
1199 1149 1350 1190 inanes,

172 1208 374 1258 iidemque
425 1221 515 1245 cum
566 1210 704 1257 rapina
755 1213 949 1244 remeant.
1003 1213 1067 1244 tot
1119 1208 1348 1244 animalium

171 1269 335 1306 haustus
378 1272 562 1318 spiritum
605 1282 627 1305 e
669 1268 827 1305 sublimi
869 1268 994 1305 aere3
1029 1267 1169 1313 trahit,
1207 1275 1248 1306 at
1283 1269 1351 1306 ille

171 1337 310 1367 contra
337 1333 491 1374 nititur,
509 1330 709 1379 tellusque
738 1335 783 1366 ut
811 1332 917 1366 inani
945 1329 1056 1366 caelo
1084 1333 1267 1379 spiritum
1291 1343 1352 1367 re-

91 1397 152 1429 104
175 1391 338 1429 fundit.4
388 1394 443 1429 sic
480 1391 585 1428 ultro
617 1394 717 1427 citro
748 1396 986 1427 commeante
1019 1397 1163 1427 natura
1194 1397 1240 1428 ut
1271 1397 1351 1428 tor—

171 1459 309 1489 mento
337 1453 468 1502 aliquo
496 1451 634 1488 mundi
661 1451 870 1488 celeritate
899 1451 1096 1488 discordia
1123 1452 1352 1490 accenditur

172 1527 246 1551 nec
264 1520 372 1551 stare
391 1527 550 1564 pugnae
568 1513 677 1557 licet,
696 1513 768 1549 sed
787 1512 951 1549 adsidue
970 1519 1087 1562 rapta
1105 1513 1351 1550 convolvitur

174 1581 215 1612 et
232 1578 335 1612 circa
352 1581 504 1612 terram
521 1577 700 1611 inmenso
718 1587 852 1611 rerum
870 1587 1006 1610 causas
1024 1574 1144 1624 globo
1162 1575 1351 1619 ostendit,

171 1636 338 1673 subinde
350 1649 422 1686 per
431 1636 557 1672 nubes
571 1635 726 1672 caelum
741 1635 848 1672 aliud
862 1641 983 1684 atque
997 1635 1128 1671 aliud5
1141 1635 1350 1674 obtexens.

173 1703 384 1736 ventorum
423 1696 497 1734 hoc
536 1710 716 1747 regnum.
782 1698 918 1746 itaque
958 1699 1173 1745 praecipua
1213 1709 1349 1733 eorum

267 1810 280 1830 ²
306 1809 488 1850 Deilefsen:
521 1814 647 1840 terra-m
666 1809 814 1839 mediam
831 1812 889 1839 aut
908 1808 1018 1839 medio
1037 1811 1095 1839 aut
1112 1808 1270 1839 mediam.

267 1853 279 1871 ²
302 1852 422 1884 Dalec:
453 1856 604 1892 potuere.

267 1894 281 1913 ⁸
304 1906 380 1926 aere
395 1894 469 1925 add.
487 1895 665 1925 Raclclzam.

268 1938 280 1956 ⁴
303 1938 471 1968 Racklzam
487 1950 493 1968 :
523 1937 637 1968 fundit
652 1941 709 1968 aut
725 1936 886 1968 infundit.

269 1980 281 1998 ⁵
304 1984 409 2021 atque
427 1980 518 2011 aliud
536 1980 611 2011 add.
631 1983 689 2011 vet.
707 1979 798 2019 apud
815 1980 915 2011 Dalec
935 1979 1101 2019 (Brotier).

167 2042 237 2086 246
