1471 2326
348 133 518 172 PLINY
531 147 540 171 ι
587 132 853 171 NATURAL
885 132 1123 171 HISTORY

136 249 295 287 semper
323 239 364 273 in
394 238 566 274 termino
596 237 851 286 cogitationis
883 248 1094 272 occursura
1123 233 1320 271 desiderio

138 297 225 333 finis
255 297 418 333 alicuius
448 301 532 339 aut,
552 297 583 331 si
613 295 712 332 haec
740 294 915 331 infinitas
945 300 1112 330 naturae
1143 296 1320 330 omnium

138 356 279 392 artifici
297 357 422 405 possit
441 354 655 404 adsignari,
672 366 753 390 non
770 353 877 390 idem
895 353 992 389 illud
1010 355 1051 388 in
1069 366 1148 389 uno
1166 352 1320 389 facilius

96 420 117 449 4
136 417 188 451 sit
226 414 420 463 intellegi,
459 419 575 450 tanto
614 414 852 462 praesertim
891 424 1023 462 opere.
1091 410 1200 448 furor
1243 416 1319 455 est,

139 472 319 523 profecto
351 471 471 515 furor,
503 471 639 521 egredi
673 483 723 507 ex
755 484 802 507 eo
834 476 889 515 et,
921 476 1130 520 tamquam
1160 472 1320 506 interna

139 533 223 567 eius
247 536 393 567 cuncta
414 530 531 580 plane
555 532 635 566 iam
658 535 755 566 nota
777 531 871 573 sint,
894 531 952 565 ita
974 530 1143 565 scrutari
1167 533 1322 572 extera,

139 591 251 639 quasi
277 601 370 625 vero
394 601 623 624 mensuram
648 587 763 624 ullius
788 590 845 624 rei
871 589 996 637 possit
1021 599 1142 637 agere
1168 588 1236 636 qui
1262 587 1321 622 sui

139 649 307 691 nesciat,
342 652 413 683 aut
447 644 589 683 mens1
623 645 823 682 hominjs2
856 644 1013 695 possit³
1047 644 1181 681 videre
1218 656 1322 694 quae

140 705 312 742 mundus
331 708 416 755 ipse
435 718 515 741 non
533 706 678 754 capiat.

100 770 121 800 6
190 764 244 801 II.
300 763 484 800 Formam
535 765 619 800 eius
679 765 721 799 in
771 764 947 812 speciem
997 762 1100 798 orbis
1152 760 1323 798 absoluti

139 823 345 873 globatam
373 835 459 858 esse
488 834 634 858 nomen
661 823 702 857 in
728 823 865 871 primis
894 826 936 857 et
963 833 1176 857 consensus
1204 822 1245 856 in
1273 833 1320 856 eo

139 881 368 918 mortalium
400 881 539 917 orbern
571 879 873 930 appellantium,
905 878 977 915 sed
1009 884 1051 915 et
1083 883 1323 928 argumenta

140 952 273 976 rerum
301 939 461 983 docent,
487 951 567 975 non
593 938 720 974 solum
747 940 841 987 quia
866 937 956 974 'calis
984 937 1112 987 figura
1138 937 1324 973 omnibus

141 1000 201 1035 sui
223 998 404 1047 partibus
427 999 558 1047 vergit
580 999 621 1032 in
644 1009 731 1033 sese
755 1009 800 1033 ac
823 997 898 1032 sibi
920 998 1006 1046 ipsa
1028 995 1238 1032 toleranda
1261 1000 1323 1032 est

140 1069 263 1105 seque
279 1055 447 1092 includit
463 1061 505 1092 et
521 1057 701 1092 continet
717 1054 914 1091 nullarum
930 1067 1052 1104 egens
1068 1055 1322 1104 compagium

139 1128 214 1152 nec
236 1115 356 1151 finem
377 1120 447 1151 aut
467 1116 625 1150 initium
647 1113 734 1150 ullis
756 1116 813 1150 sui
835 1114 1016 1163 partibus
1037 1114 1229 1156 sentiens,
1249 1125 1324 1148 nec

140 1176 234 1223 quia
259 1173 309 1209 ad
332 1179 501 1217 motum,
526 1185 604 1222 quo
629 1172 797 1209 subinde
813 1171 829 1194 4
853 1174 956 1208 verti
980 1184 1073 1208 mox
1099 1170 1324 1220 adparebit,

140 1232 232 1268 talis
253 1234 460 1281 aptissima
481 1236 556 1274 est,
577 1230 647 1267 sed
668 1230 872 1267 oculorum
892 1242 1051 1279 quoque
1071 1230 1323 1279 probatione,

142 1289 250 1339 quod
267 1302 466 1326 convexus
485 1289 720 1338 mediusque
742 1301 994 1338 quacumque
1013 1293 1214 1332 cernatur,
1233 1301 1323 1324 cum

141 1349 182 1385 id
203 1348 384 1385 accidere
405 1350 445 1384 in
467 1347 543 1384 alia
563 1361 641 1383 non
662 1350 787 1397 possit
808 1347 945 1397 figura.

101 1412 121 1442 6
193 1407 268 1443 ΙΙΙ.
323 1407 437 1443 Hanc
455 1419 549 1456 ergo
566 1405 734 1442 formam
752 1408 835 1442 eius
853 1411 1018 1442 aeterno
1036 1410 1078 1442 et
1098 1407 1324 1455 inrequieto

143 1466 310 1509 ambitu,
361 1465 613 1502 inenarrabili
665 1464 887 1508 celeritate,
937 1466 1077 1514 viginti
1137 1469 1326 1514 quattuor

141 1522 327 1560 horarum
359 1526 488 1574 spatio
521 1525 736 1573 circumagi
770 1522 860 1559 solis
894 1527 1056 1558 exortus
1090 1527 1132 1558 et
1163 1535 1325 1559 occasus

254 1610 265 1628 ¹
290 1619 384 1640 mens
401 1608 469 1640 edd.
485 1620 493 1639 :
523 1618 643 1644 meror,
662 1608 764 1639 miror
781 1607 880 1645 (haut
897 1618 1006 1638 mmor
1021 1606 1208 1648 Dellessen).

250 1653 262 1671 ²
287 1652 336 1683 al.
355 1651 517 1682 homines.

250 1694 262 1712 ³
287 1695 391 1735 possit
408 1705 471 1725 om.
489 1694 652 1725 nonnulli.

251 1738 263 1756 ⁴
287 1737 430 1768 sublime
446 1735 619 1776 Detlefsen⁷
637 1736 782 1766 rotunde
801 1735 963 1776 Maykoff.

190 1864 203 1878 ¹¹
227 1859 276 1891 Cf.
300 1857 438 1889 Martial
461 1857 501 1888 V.
526 1858 578 1888 39.
603 1858 622 1888 5
647 1856 718 1888 Aut
744 1857 846 1888 semel
871 1856 924 1888 fac
950 1856 1031 1888 fflud
1051 1855 1056 1898 1
1077 1858 1242 1888 mentitur
1267 1861 1327 1889 tua

146 1902 237 1943 quod
258 1900 401 1932 subinde
421 1900 533 1931 tussis.

195 1945 206 1963 ¹²
229 1944 398 1975 Com-exus
421 1944 448 1974 is
464 1943 546 1974 used
563 1947 599 1974 to
615 1942 739 1974 denote
759 1942 817 1973 the
839 1942 945 1973 inside
965 1952 1002 1974 as
1018 1942 1093 1974 well
1111 1953 1148 1973 as
1169 1943 1228 1974 the
1250 1945 1325 1974 oub-

144 1987 214 2019 side
231 1986 269 2018 of
281 1997 300 2017 a
317 1996 428 2018 curve.

149 2060 216 2095 172
