1471 2326
123 515 166 548 75

126 1047 168 1079 76

128 1578 170 1611 77

391 112 558 151 PLINY
571 126 581 151 ι
629 111 894 150 NATURAL
927 110 1159 149 HISTORY

185 219 288 254 sicut
313 218 354 252 in
377 215 455 252 illis
480 217 754 265 propinquitas
781 216 909 251 centri
933 213 1136 250 adcelerat
1160 215 1218 250 ita
1241 215 1283 249 in
1304 211 1364 250 his

189 278 422 313 extremitas
445 275 594 318 circuli,
614 274 707 310 illae
730 273 779 310 ab
803 278 947 310 exortu
967 275 1165 309 matutino
1186 275 1366 309 minuere

187 335 439 372 celeritatem
465 336 673 383 incipiunt,
700 331 776 369 hae
803 345 898 369 vero
926 345 1087 382 augere.
1139 331 1232 368 illae
1257 336 1367 367 retro

190 407 348 430 cursum
372 398 496 442 agunt
521 405 544 428 a
566 394 740 429 statione
763 394 963 428 matutina
985 404 1111 440 usque
1135 390 1187 427 ad
1209 403 1368 439 vesper-

190 455 330 495 tinam,
361 452 528 488 Veneris
560 464 584 487 a
615 453 844 500 vespertina
874 463 1000 499 usque
1032 450 1084 486 ad
1113 452 1366 486 matutinam.

193 514 330 560 incipit
381 516 517 546 autem
569 510 618 546 ab
671 514 814 546 exortu
864 511 1063 546 matutino
1113 508 1368 545 latitudinem

189 569 396 613 scandere,
412 568 666 605 altitudinem
682 581 777 605 vero
793 568 926 605 subire
943 568 958 591 1
976 581 1020 604 ac
1036 568 1161 605 solem
1176 570 1329 617 insequi
1346 579 1370 603 a

189 631 364 665 statione
395 630 607 671 matutina,
639 630 822 664 ocissima
852 629 892 663 in
923 640 1064 663 occasu
1094 629 1293 663 matutino
1326 631 1368 663 et

190 688 398 732 altissima,
452 686 619 737 degredi
674 692 811 723 autem
864 685 1077 723 latitudine
1131 691 1368 734 motumque

189 749 371 784 minuere
410 746 460 782 ab
500 751 644 782 exortu
682 747 925 794 vespertino,
962 751 1072 782 retro
1112 744 1274 794 quidem
1311 747 1370 781 ire

189 805 386 856 simulque
417 805 628 842 altitudine
661 804 826 854 degredi
858 817 882 840 a
912 807 1085 841 statione
1117 805 1369 853 vespertina3

192 864 385 901 RIercurii
416 877 549 900 rursus
583 863 703 900 stella
736 869 908 912 utroque
942 862 1060 899 modo
1095 862 1286 899 scandere
1320 862 1371 899 ab

192 930 337 962 exortu
349 927 561 967 matutino,
575 924 741 974 degredi
756 937 850 960 vero
863 923 1076 960 latitudine
1091 936 1113 959 a
1127 925 1372 973 vespertino,

191 989 485 1033 consecutoque
504 983 587 1019 sole
607 983 659 1020 ad
678 983 904 1032 quindecim
923 985 1098 1032 partium
1117 981 1371 1019 intervallum

194 1045 374 1079 consistit
405 1042 617 1092 quatriduo
647 1055 773 1091 prope
802 1041 1027 1078 immobilis.
1080 1054 1174 1078 mox
1204 1041 1254 1077 ab
1285 1041 1374 1077 alti-

192 1102 332 1139 tudine
351 1101 559 1138 descendit
576 1106 766 1150 retroque
785 1100 967 1151 graditur
986 1101 1035 1137 ab
1055 1113 1195 1137 occasu
1214 1113 1374 1149 vesper-

192 1163 278 1197 tino
322 1173 447 1210 usque
493 1160 544 1197 ad
589 1165 775 1196 exortum
819 1162 1075 1196 matutinum.
1129 1164 1370 1208 tantumque

193 1218 292 1256 haec
308 1224 349 1256 et
362 1219 456 1255 luna
470 1218 642 1256 totidem
657 1218 795 1255 diebus
813 1224 909 1268 quot
925 1219 1082 1255 subiere
1098 1217 1370 1261 descendunt3

192 1277 359 1315 Veneris
385 1277 612 1328 quindecies
637 1277 815 1327 pluribus
841 1278 961 1321 subit,
985 1290 1118 1313 rursus
1145 1276 1304 1314 Saturni
1331 1282 1372 1314 et

194 1337 296 1375 Iovis
322 1336 525 1386 duplicato
551 1336 854 1387 degrediuntur,
882 1336 1026 1372 Martis
1054 1339 1177 1373 etiam
1202 1336 1374 1385 quadru-

192 1397 353 1447 plicato.
406 1402 522 1432 tanta
570 1402 632 1432 est
678 1401 847 1432 naturae
895 1398 1089 1438 varietas;
1150 1395 1222 1431 sed
1268 1397 1372 1431 ratio

195 1456 377 1493 evidens:
413 1468 506 1491 nam
529 1468 631 1505 quae
653 1457 694 1491 in
715 1468 905 1504 vaporem
926 1455 1019 1492 solis
1042 1457 1226 1491 nituntur
1249 1457 1373 1491 etiam

194 1515 442 1553 descendunt
461 1527 593 1564 aegre.
1164 1556 1168 1561 ⁴

246 1574 331 1611 XV.
388 1573 521 1610 Multa
557 1575 686 1623 promi
724 1573 892 1622 amplius
931 1575 1035 1609 circa
1072 1571 1171 1609 haec
1208 1577 1374 1622 possunt

194 1639 351 1670 secreta
367 1638 535 1670 naturae
552 1633 742 1682 legesque
760 1633 900 1682 quibus
919 1634 1004 1681 ipsa
1020 1634 1181 1675 serviat,
1201 1631 1374 1681 exempli

195 1695 326 1743 gratia
346 1694 387 1728 in
410 1691 553 1728 Martis
574 1691 703 1728 sidere
727 1691 851 1740 (cuius
875 1697 936 1728 est
956 1693 1130 1728 maxime
1151 1691 1376 1727 inobserva-

195 1751 284 1788 bilis
321 1751 471 1800 cursus)
510 1763 727 1800 numquam
764 1750 805 1787 id
845 1752 1061 1786 stationem
1101 1749 1234 1786 facere
1274 1749 1375 1786 Iovis

194 1810 325 1847 sidere
352 1813 566 1860 triquetro,
593 1822 683 1846 raro
712 1808 926 1846 admodum
955 1811 1165 1859 sexaginta
1193 1808 1373 1857 partibus

195 1869 368 1906 discreto
416 1869 500 1920 (qui
547 1881 734 1905 numerus
782 1868 1021 1917 sexangulas
1069 1867 1208 1904 mundi
1256 1867 1375 1905 efficit

582 1964 597 1985 ¹
620 1965 733 1997 subire
748 1964 822 1996 add.
844 1964 983 1996 Urlichs.

202 2037 272 2063 220
