<?xml version="1.0" encoding="UTF-8"?>
<!DOCTYPE html PUBLIC "-//W3C//DTD XHTML 1.0 Transitional//EN"
    "http://www.w3.org/TR/xhtml1/DTD/xhtml1-transitional.dtd">
<html xmlns="http://www.w3.org/1999/xhtml" xml:lang="en" lang="en">
 <head>
  <title>
</title>
<meta http-equiv="Content-Type" content="text/html;charset=utf-8" />
  <meta name='ocr-system' content='tesseract 3.04.00' />
  <meta name='ocr-capabilities' content='ocr_page ocr_carea ocr_par ocr_line ocrx_word'/>
</head>
<body>
  <div class='ocr_page' id='page_1' title='image "./naturalhistory01plinuoft/naturalhistory01plinuoft_0390.png"; bbox 0 0 1471 2326; ppageno 0'>
   <div class='ocr_carea' id='block_1_1' title="bbox 449 81 1219 122">
    <p class='ocr_par' dir='ltr' id='par_1_1' title="bbox 449 81 1219 122">
     <span class='ocr_line' id='line_1_1' title="bbox 449 81 1219 122; baseline 0.003 -2"><span class='ocrx_word' id='word_1_1' title='bbox 449 81 639 121; x_wconf 64' lang='lat' dir='ltr'><strong>I’LINYz</strong></span> <span class='ocrx_word' id='word_1_2' title='bbox 686 83 950 121; x_wconf 91' lang='lat' dir='ltr'><strong>NATURAL</strong></span> <span class='ocrx_word' id='word_1_3' title='bbox 983 84 1219 122; x_wconf 84' lang='lat' dir='ltr'>HISTORY</span> 
     </span>
    </p>
   </div>
   <div class='ocr_carea' id='block_1_2' title="bbox 246 185 1420 244">
    <p class='ocr_par' dir='ltr' id='par_1_2' title="bbox 246 185 1420 244">
     <span class='ocr_line' id='line_1_2' title="bbox 246 185 1420 244; baseline 0.002 -13"><span class='ocrx_word' id='word_1_4' title='bbox 246 185 371 235; x_wconf 60' lang='lat' dir='ltr'>XXV,</span> <span class='ocrx_word' id='word_1_5' title='bbox 405 192 564 230; x_wconf 80' lang='lat' dir='ltr'><strong>Samum</strong></span> <span class='ocrx_word' id='word_1_6' title='bbox 601 192 646 238; x_wconf 91' lang='lat' dir='ltr'>C,</span> <span class='ocrx_word' id='word_1_7' title='bbox 679 192 820 230; x_wconf 89' lang='lat' dir='ltr'>Chium</span> <span class='ocrx_word' id='word_1_8' title='bbox 858 187 1001 238; x_wconf 88' lang='lat' dir='ltr'>XCIV,</span> <span class='ocrx_word' id='word_1_9' title='bbox 1041 194 1267 244; x_wconf 57' lang='lat' dir='ltr'>Mytilenen</span> <span class='ocrx_word' id='word_1_10' title='bbox 1299 188 1420 241; x_wconf 77' lang='lat' dir='ltr'>L—V,</span> 
     </span>
    </p>
   </div>
   <div class='ocr_carea' id='block_1_3' title="bbox 244 253 1471 366">
    <p class='ocr_par' dir='ltr' id='par_1_3' title="bbox 244 253 1471 366">
     <span class='ocr_line' id='line_1_3' title="bbox 244 253 1471 304; baseline 0.002 -11"><span class='ocrx_word' id='word_1_11' title='bbox 244 253 451 293; x_wconf 79' lang='lat' dir='ltr'>Tenedum</span> <span class='ocrx_word' id='word_1_12' title='bbox 502 254 648 298; x_wconf 73' lang='lat' dir='ltr'>IX,X1</span> <span class='ocrx_word' id='word_1_13' title='bbox 697 253 858 304; x_wconf 82' lang='lat' dir='ltr'>Sigeum</span> <span class='ocrx_word' id='word_1_14' title='bbox 904 259 1221 304; x_wconf 86' lang='lat' dir='ltr'>promunturium</span> <span class='ocrx_word' id='word_1_15' title='bbox 1268 257 1419 302; x_wconf 88' lang='lat' dir='ltr'>XII-D,</span> <span class='ocrx_word' id='word_1_16' title='bbox 1467 259 1471 294; x_wconf 76' lang='grc' dir='ltr'><em>ἶ</em></span> 
     </span>
     <span class='ocr_line' id='line_1_4' title="bbox 244 314 1419 366; baseline 0.002 -13"><span class='ocrx_word' id='word_1_17' title='bbox 244 326 287 353; x_wconf 87' lang='lat' dir='ltr'>os</span> <span class='ocrx_word' id='word_1_18' title='bbox 350 314 401 351; x_wconf 67' lang='lat' dir='ltr'>Pi</span> <span class='ocrx_word' id='word_1_19' title='bbox 406 320 461 352; x_wconf 83' lang='lat' dir='ltr'>nti</span> <span class='ocrx_word' id='word_1_20' title='bbox 521 315 714 353; x_wconf 91' lang='lat' dir='ltr'><strong>CCCXII·</strong></span> <span class='ocrx_word' id='word_1_21' title='bbox 720 316 772 359; x_wconf 88' lang='lat' dir='ltr'>D,</span> <span class='ocrx_word' id='word_1_22' title='bbox 830 315 1043 353; x_wconf 80' lang='lat' dir='ltr'><strong>Carambin</strong></span> <span class='ocrx_word' id='word_1_23' title='bbox 1099 322 1419 366; x_wconf 87' lang='lat' dir='ltr'>promunturium</span> 
     </span>
    </p>
   </div>
   <div class='ocr_carea' id='block_1_4' title="bbox 526 309 702 312">
    <p class='ocr_par' dir='ltr' id='par_1_4' title="bbox 526 309 702 312">
     <span class='ocr_line' id='line_1_5' title="bbox 526 309 702 312; baseline 0 0"><span class='ocrx_word' id='word_1_24' title='bbox 526 309 702 312; x_wconf 95' lang='lat' dir='ltr'> </span> 
     </span>
    </p>
   </div>
   <div class='ocr_carea' id='block_1_5' title="bbox 769 370 946 373">
    <p class='ocr_par' dir='ltr' id='par_1_5' title="bbox 769 370 946 373">
     <span class='ocr_line' id='line_1_6' title="bbox 769 370 946 373; baseline 0 0"><span class='ocrx_word' id='word_1_25' title='bbox 769 370 946 373; x_wconf 95' lang='lat' dir='ltr'> </span> 
     </span>
    </p>
   </div>
   <div class='ocr_carea' id='block_1_6' title="bbox 244 368 1471 421">
    <p class='ocr_par' dir='ltr' id='par_1_6' title="bbox 244 368 1471 421">
     <span class='ocr_line' id='line_1_7' title="bbox 244 368 1471 421; baseline 0 -5"><span class='ocrx_word' id='word_1_26' title='bbox 244 368 393 417; x_wconf 60' lang='lat' dir='ltr'>CCC-L</span> <span class='ocrx_word' id='word_1_27' title='bbox 446 388 488 414; x_wconf 81' lang='lat' dir='ltr'>os</span> <span class='ocrx_word' id='word_1_28' title='bbox 545 377 719 414; x_wconf 83' lang='lat' dir='ltr'>Maeotis</span> <span class='ocrx_word' id='word_1_29' title='bbox 773 377 967 414; x_wconf 91' lang='lat' dir='ltr'><strong>CCCXII·</strong></span> <span class='ocrx_word' id='word_1_30' title='bbox 973 378 1024 421; x_wconf 94' lang='lat' dir='ltr'>D,</span> <span class='ocrx_word' id='word_1_31' title='bbox 1077 381 1223 415; x_wconf 90' lang='lat' dir='ltr'>ostium</span> <span class='ocrx_word' id='word_1_32' title='bbox 1276 379 1419 417; x_wconf 85' lang='lat' dir='ltr'>Tanais</span> <span class='ocrx_word' id='word_1_33' title='bbox 1469 380 1471 387; x_wconf 58' lang='lat'><strong>¹</strong></span> 
     </span>
    </p>
   </div>
   <div class='ocr_carea' id='block_1_7' title="bbox 245 437 1420 488">
    <p class='ocr_par' dir='ltr' id='par_1_7' title="bbox 245 437 1420 488">
     <span class='ocr_line' id='line_1_8' title="bbox 245 437 1420 488; baseline 0.002 -12"><span class='ocrx_word' id='word_1_34' title='bbox 245 437 422 476; x_wconf 86' lang='lat' dir='ltr'>CCLXV</span> <span class='ocrx_word' id='word_1_35' title='bbox 426 437 458 482; x_wconf 93' lang='lat' dir='ltr'>I,</span> <span class='ocrx_word' id='word_1_36' title='bbox 487 441 552 487; x_wconf 84' lang='lat' dir='ltr'>qui</span> <span class='ocrx_word' id='word_1_37' title='bbox 581 451 716 475; x_wconf 89' lang='lat' dir='ltr'>cursus</span> <span class='ocrx_word' id='word_1_38' title='bbox 745 439 973 488; x_wconf 82' lang='lat' dir='ltr'>conpendiis</span> <span class='ocrx_word' id='word_1_39' title='bbox 1002 442 1121 476; x_wconf 83' lang='lat' dir='ltr'>maris</span> <span class='ocrx_word' id='word_1_40' title='bbox 1150 440 1307 477; x_wconf 89' lang='lat' dir='ltr'>brevior</span> <span class='ocrx_word' id='word_1_41' title='bbox 1335 441 1420 478; x_wconf 90' lang='lat' dir='ltr'>fieri</span> 
     </span>
    </p>
   </div>
   <div class='ocr_carea' id='block_1_8' title="bbox 162 498 1419 553">
    <p class='ocr_par' dir='ltr' id='par_1_8' title="bbox 162 498 1419 553">
     <span class='ocr_line' id='line_1_9' title="bbox 162 498 1419 553; baseline 0.002 -17"><span class='ocrx_word' id='word_1_42' title='bbox 162 500 227 540; x_wconf 68' lang='grc'>248</span> <span class='ocrx_word' id='word_1_43' title='bbox 249 506 396 549; x_wconf 78' lang='lat' dir='ltr'>potest.</span> <span class='ocrx_word' id='word_1_44' title='bbox 453 498 573 553; x_wconf 78' lang='grc' dir='ltr'>ΙΧΧΙΙ</span> <span class='ocrx_word' id='word_1_45' title='bbox 608 499 644 536; x_wconf 89' lang='grc' dir='ltr'>Χ</span> <span class='ocrx_word' id='word_1_46' title='bbox 669 500 719 536; x_wconf 91' lang='lat' dir='ltr'>ab</span> <span class='ocrx_word' id='word_1_47' title='bbox 745 502 847 537; x_wconf 87' lang='lat' dir='ltr'>ostio</span> <span class='ocrx_word' id='word_1_48' title='bbox 873 500 1015 537; x_wconf 90' lang='lat' dir='ltr'>Tanais</span> <span class='ocrx_word' id='word_1_49' title='bbox 1043 500 1122 537; x_wconf 89' lang='lat' dir='ltr'>Nili</span> <span class='ocrx_word' id='word_1_50' title='bbox 1148 500 1419 551; x_wconf 84' lang='lat' dir='ltr'>Canopicum1</span> 
     </span>
    </p>
   </div>
   <div class='ocr_carea' id='block_1_9' title="bbox 161 1246 223 1280">
    <p class='ocr_par' dir='ltr' id='par_1_9' title="bbox 161 1246 223 1280">
     <span class='ocr_line' id='line_1_10' title="bbox 161 1246 223 1280; baseline -0.048 0"><span class='ocrx_word' id='word_1_51' title='bbox 161 1246 223 1280; x_wconf 73' lang='lat'>⁸47</span> 
     </span>
    </p>
   </div>
   <div class='ocr_carea' id='block_1_10' title="bbox 244 560 1420 736">
    <p class='ocr_par' dir='ltr' id='par_1_10' title="bbox 244 560 1420 736">
     <span class='ocr_line' id='line_1_11' title="bbox 244 560 1420 611; baseline 0.003 -14"><span class='ocrx_word' id='word_1_52' title='bbox 244 561 534 611; x_wconf 74' lang='lat' dir='ltr'>diligentissimi</span> <span class='ocrx_word' id='word_1_53' title='bbox 548 567 730 598; x_wconf 75' lang='lat' dir='ltr'>auctores</span> <span class='ocrx_word' id='word_1_54' title='bbox 743 560 888 598; x_wconf 87' lang='lat' dir='ltr'>fecere.</span> <span class='ocrx_word' id='word_1_55' title='bbox 943 562 1218 600; x_wconf 74' lang='lat' dir='ltr'>Artemidorus</span> <span class='ocrx_word' id='word_1_56' title='bbox 1230 563 1420 600; x_wconf 80' lang='lat' dir='ltr'>ulteriora</span> 
     </span>
     <span class='ocr_line' id='line_1_12' title="bbox 245 624 1420 672; baseline 0.003 -13"><span class='ocrx_word' id='word_1_57' title='bbox 245 624 477 672; x_wconf 76' lang='lat' dir='ltr'>inconperta</span> <span class='ocrx_word' id='word_1_58' title='bbox 494 626 750 666; x_wconf 80' lang='lat' dir='ltr'>existimavit,</span> <span class='ocrx_word' id='word_1_59' title='bbox 764 637 853 660; x_wconf 90' lang='lat' dir='ltr'>cum</span> <span class='ocrx_word' id='word_1_60' title='bbox 867 626 971 660; x_wconf 88' lang='lat' dir='ltr'>circa</span> <span class='ocrx_word' id='word_1_61' title='bbox 984 624 1135 660; x_wconf 81' lang='lat' dir='ltr'>Tanain</span> <span class='ocrx_word' id='word_1_62' title='bbox 1148 624 1420 662; x_wconf 79' lang='lat' dir='ltr'>Sarmatarum</span> 
     </span>
     <span class='ocr_line' id='line_1_13' title="bbox 246 684 1418 736; baseline 0.003 -16"><span class='ocrx_word' id='word_1_63' title='bbox 246 693 337 736; x_wconf 73' lang='lat' dir='ltr'>gent</span> <span class='ocrx_word' id='word_1_64' title='bbox 348 698 388 721; x_wconf 85' lang='lat' dir='ltr'>es</span> <span class='ocrx_word' id='word_1_65' title='bbox 429 684 578 730; x_wconf 78' lang='lat' dir='ltr'>degere</span> <span class='ocrx_word' id='word_1_66' title='bbox 617 684 815 721; x_wconf 86' lang='lat' dir='ltr'>fateretur</span> <span class='ocrx_word' id='word_1_67' title='bbox 847 685 898 722; x_wconf 89' lang='lat' dir='ltr'>ad</span> <span class='ocrx_word' id='word_1_68' title='bbox 937 689 1230 735; x_wconf 74' lang='lat' dir='ltr'>septentriones</span> <span class='ocrx_word' id='word_1_69' title='bbox 1271 700 1418 725; x_wconf 89' lang='lat' dir='ltr'>versus.</span> 
     </span>
    </p>
   </div>
   <div class='ocr_carea' id='block_1_11' title="bbox 640 739 748 743">
    <p class='ocr_par' dir='ltr' id='par_1_11' title="bbox 640 739 748 743">
     <span class='ocr_line' id='line_1_14' title="bbox 640 739 748 743; baseline 0 0"><span class='ocrx_word' id='word_1_70' title='bbox 640 739 748 743; x_wconf 95' lang='lat' dir='ltr'> </span> 
     </span>
    </p>
   </div>
   <div class='ocr_carea' id='block_1_12' title="bbox 244 740 1419 1783">
    <p class='ocr_par' dir='ltr' id='par_1_12' title="bbox 245 740 1419 1228">
     <span class='ocr_line' id='line_1_15' title="bbox 250 740 1419 798; baseline 0.002 -15"><span class='ocrx_word' id='word_1_71' title='bbox 250 746 420 783; x_wconf 82' lang='lat' dir='ltr'>Isidorus</span> <span class='ocrx_word' id='word_1_72' title='bbox 458 746 603 783; x_wconf 84' lang='lat' dir='ltr'>adiecit</span> <span class='ocrx_word' id='word_1_73' title='bbox 645 745 747 798; x_wconf 70' lang='lat' dir='ltr'>1X111</span> <span class='ocrx_word' id='word_1_74' title='bbox 792 740 828 782; x_wconf 67' lang='grc' dir='ltr'><strong>ῖ</strong></span> <span class='ocrx_word' id='word_1_75' title='bbox 862 760 986 796; x_wconf 86' lang='lat' dir='ltr'>usque</span> <span class='ocrx_word' id='word_1_76' title='bbox 1025 747 1075 784; x_wconf 90' lang='lat' dir='ltr'>ad</span> <span class='ocrx_word' id='word_1_77' title='bbox 1111 747 1279 798; x_wconf 76' lang='lat' dir='ltr'>Thylen,</span> <span class='ocrx_word' id='word_1_78' title='bbox 1316 761 1419 798; x_wconf 89' lang='lat' dir='ltr'>quae</span> 
     </span>
     <span class='ocr_line' id='line_1_16' title="bbox 245 808 1417 859; baseline 0.002 -14"><span class='ocrx_word' id='word_1_79' title='bbox 245 811 472 845; x_wconf 77' lang='lat' dir='ltr'>coniectura</span> <span class='ocrx_word' id='word_1_80' title='bbox 499 808 749 844; x_wconf 66' lang='lat' dir='ltr'>divinationis</span> <span class='ocrx_word' id='word_1_81' title='bbox 778 814 851 845; x_wconf 89' lang='lat' dir='ltr'>est.</span> <span class='ocrx_word' id='word_1_82' title='bbox 907 821 981 858; x_wconf 87' lang='lat' dir='ltr'>ego</span> <span class='ocrx_word' id='word_1_83' title='bbox 1014 822 1094 845; x_wconf 93' lang='lat' dir='ltr'>non</span> <span class='ocrx_word' id='word_1_84' title='bbox 1119 812 1271 846; x_wconf 89' lang='lat' dir='ltr'>minore</span> <span class='ocrx_word' id='word_1_85' title='bbox 1299 823 1417 859; x_wconf 91' lang='lat' dir='ltr'>quam</span> 
     </span>
     <span class='ocr_line' id='line_1_17' title="bbox 247 869 1416 922; baseline 0.003 -16"><span class='ocrx_word' id='word_1_86' title='bbox 247 873 425 920; x_wconf 82' lang='lat' dir='ltr'>proxime</span> <span class='ocrx_word' id='word_1_87' title='bbox 438 870 545 906; x_wconf 89' lang='lat' dir='ltr'>dicto</span> <span class='ocrx_word' id='word_1_88' title='bbox 558 873 685 919; x_wconf 87' lang='lat' dir='ltr'>spatio</span> <span class='ocrx_word' id='word_1_89' title='bbox 700 869 970 907; x_wconf 78' lang='lat' dir='ltr'>Sarmatarum</span> <span class='ocrx_word' id='word_1_90' title='bbox 984 871 1080 907; x_wconf 87' lang='lat' dir='ltr'>fines</span> <span class='ocrx_word' id='word_1_91' title='bbox 1094 874 1201 907; x_wconf 87' lang='lat' dir='ltr'>nosci</span> <span class='ocrx_word' id='word_1_92' title='bbox 1213 871 1416 922; x_wconf 79' lang='lat' dir='ltr'>intellego.</span> 
     </span>
     <span class='ocr_line' id='line_1_18' title="bbox 247 931 1418 982; baseline 0.001 -13"><span class='ocrx_word' id='word_1_93' title='bbox 247 938 286 969; x_wconf 84' lang='lat' dir='ltr'>et</span> <span class='ocrx_word' id='word_1_94' title='bbox 316 932 460 982; x_wconf 86' lang='lat' dir='ltr'>alioqui</span> <span class='ocrx_word' id='word_1_95' title='bbox 491 938 684 980; x_wconf 83' lang='lat' dir='ltr'>quantum</span> <span class='ocrx_word' id='word_1_96' title='bbox 713 944 799 968; x_wconf 90' lang='lat' dir='ltr'>esse</span> <span class='ocrx_word' id='word_1_97' title='bbox 827 931 950 968; x_wconf 85' lang='lat' dir='ltr'>debet</span> <span class='ocrx_word' id='word_1_98' title='bbox 978 932 1084 981; x_wconf 89' lang='lat' dir='ltr'>quod</span> <span class='ocrx_word' id='word_1_99' title='bbox 1110 934 1418 970; x_wconf 85' lang='lat' dir='ltr'>innumerabiles</span> 
     </span>
     <span class='ocr_line' id='line_1_19' title="bbox 247 993 1418 1044; baseline 0.002 -14"><span class='ocrx_word' id='word_1_100' title='bbox 247 999 389 1044; x_wconf 87' lang='lat' dir='ltr'>gentes</span> <span class='ocrx_word' id='word_1_101' title='bbox 440 993 609 1030; x_wconf 87' lang='lat' dir='ltr'>subinde</span> <span class='ocrx_word' id='word_1_102' title='bbox 659 993 796 1030; x_wconf 88' lang='lat' dir='ltr'>sedem</span> <span class='ocrx_word' id='word_1_103' title='bbox 846 999 1049 1030; x_wconf 83' lang='lat' dir='ltr'>mutantes</span> <span class='ocrx_word' id='word_1_104' title='bbox 1101 994 1259 1043; x_wconf 84' lang='lat' dir='ltr'>capiat?</span> <span class='ocrx_word' id='word_1_105' title='bbox 1312 994 1418 1032; x_wconf 90' lang='lat' dir='ltr'>unde</span> 
     </span>
     <span class='ocr_line' id='line_1_20' title="bbox 247 1054 1419 1105; baseline 0.001 -13"><span class='ocrx_word' id='word_1_106' title='bbox 247 1054 479 1092; x_wconf 75' lang='lat' dir='ltr'>ulteriorem</span> <span class='ocrx_word' id='word_1_107' title='bbox 495 1068 722 1092; x_wconf 81' lang='lat' dir='ltr'>mensuram</span> <span class='ocrx_word' id='word_1_108' title='bbox 738 1054 1005 1092; x_wconf 86' lang='lat' dir='ltr'>inhabitabilis</span> <span class='ocrx_word' id='word_1_109' title='bbox 1025 1056 1168 1105; x_wconf 82' lang='lat' dir='ltr'>plagae</span> <span class='ocrx_word' id='word_1_110' title='bbox 1187 1056 1313 1093; x_wconf 87' lang='lat' dir='ltr'>multo</span> <span class='ocrx_word' id='word_1_111' title='bbox 1333 1069 1419 1094; x_wconf 89' lang='lat' dir='ltr'>esse</span> 
     </span>
     <span class='ocr_line' id='line_1_21' title="bbox 246 1117 1417 1160; baseline 0.002 -7"><span class='ocrx_word' id='word_1_112' title='bbox 246 1119 436 1154; x_wconf 90' lang='lat' dir='ltr'>maiorem</span> <span class='ocrx_word' id='word_1_113' title='bbox 467 1117 661 1160; x_wconf 82' lang='lat' dir='ltr'>arbitror3</span> <span class='ocrx_word' id='word_1_114' title='bbox 708 1129 801 1153; x_wconf 91' lang='lat' dir='ltr'>nam</span> <span class='ocrx_word' id='word_1_115' title='bbox 834 1123 874 1154; x_wconf 90' lang='lat' dir='ltr'>et</span> <span class='ocrx_word' id='word_1_116' title='bbox 907 1130 929 1153; x_wconf 91' lang='lat' dir='ltr'>a</span> <span class='ocrx_word' id='word_1_117' title='bbox 961 1117 1176 1154; x_wconf 84' lang='lat' dir='ltr'>Germania</span> <span class='ocrx_word' id='word_1_118' title='bbox 1206 1120 1417 1155; x_wconf 85' lang='lat' dir='ltr'>immensas</span> 
     </span>
     <span class='ocr_line' id='line_1_22' title="bbox 245 1178 1265 1228; baseline 0.001 -13"><span class='ocrx_word' id='word_1_119' title='bbox 245 1178 389 1216; x_wconf 86' lang='lat' dir='ltr'>insulas</span> <span class='ocrx_word' id='word_1_120' title='bbox 407 1191 484 1215; x_wconf 90' lang='lat' dir='ltr'>non</span> <span class='ocrx_word' id='word_1_121' title='bbox 504 1178 655 1227; x_wconf 89' lang='lat' dir='ltr'>pridem</span> <span class='ocrx_word' id='word_1_122' title='bbox 675 1184 885 1228; x_wconf 85' lang='lat' dir='ltr'>conpertas</span> <span class='ocrx_word' id='word_1_123' title='bbox 903 1181 1106 1228; x_wconf 87' lang='lat' dir='ltr'>cognitum</span> <span class='ocrx_word' id='word_1_124' title='bbox 1125 1178 1265 1216; x_wconf 90' lang='lat' dir='ltr'>habeo.</span> 
     </span>
    </p>

    <p class='ocr_par' dir='ltr' id='par_1_13' title="bbox 244 1239 1419 1783">
     <span class='ocr_line' id='line_1_23' title="bbox 299 1239 1418 1292; baseline 0.002 -16"><span class='ocrx_word' id='word_1_125' title='bbox 299 1240 362 1277; x_wconf 90' lang='lat' dir='ltr'>De</span> <span class='ocrx_word' id='word_1_126' title='bbox 381 1239 629 1290; x_wconf 86' lang='lat' dir='ltr'>longitudine</span> <span class='ocrx_word' id='word_1_127' title='bbox 650 1253 694 1277; x_wconf 89' lang='lat' dir='ltr'>ac</span> <span class='ocrx_word' id='word_1_128' title='bbox 713 1240 925 1277; x_wconf 77' lang='lat' dir='ltr'>latitudine</span> <span class='ocrx_word' id='word_1_129' title='bbox 945 1239 1044 1277; x_wconf 87' lang='lat' dir='ltr'>haec</span> <span class='ocrx_word' id='word_1_130' title='bbox 1063 1247 1155 1277; x_wconf 86' lang='lat' dir='ltr'>sunt</span> <span class='ocrx_word' id='word_1_131' title='bbox 1176 1254 1278 1290; x_wconf 84' lang='lat' dir='ltr'>quae</span> <span class='ocrx_word' id='word_1_132' title='bbox 1297 1240 1418 1292; x_wconf 87' lang='lat' dir='ltr'>digna</span> 
     </span>
     <span class='ocr_line' id='line_1_24' title="bbox 247 1304 1418 1351; baseline 0.002 -13"><span class='ocrx_word' id='word_1_133' title='bbox 247 1307 469 1339; x_wconf 90' lang='lat' dir='ltr'>memoratu</span> <span class='ocrx_word' id='word_1_134' title='bbox 526 1307 676 1351; x_wconf 88' lang='lat' dir='ltr'>putem.</span> <span class='ocrx_word' id='word_1_135' title='bbox 731 1304 959 1338; x_wconf 84' lang='lat' dir='ltr'>universum</span> <span class='ocrx_word' id='word_1_136' title='bbox 1016 1308 1152 1339; x_wconf 89' lang='lat' dir='ltr'>autem</span> <span class='ocrx_word' id='word_1_137' title='bbox 1207 1305 1418 1340; x_wconf 82' lang='lat' dir='ltr'>circuitum</span> 
     </span>
     <span class='ocr_line' id='line_1_25' title="bbox 247 1363 1419 1413; baseline 0.002 -13"><span class='ocrx_word' id='word_1_138' title='bbox 247 1363 534 1401; x_wconf 85' lang='lat' dir='ltr'>Eratosthenes</span> <span class='ocrx_word' id='word_1_139' title='bbox 571 1364 626 1412; x_wconf 91' lang='lat' dir='ltr'>(in</span> <span class='ocrx_word' id='word_1_140' title='bbox 662 1366 837 1400; x_wconf 87' lang='lat' dir='ltr'>omnium</span> <span class='ocrx_word' id='word_1_141' title='bbox 873 1363 1034 1413; x_wconf 84' lang='lat' dir='ltr'>quidem</span> <span class='ocrx_word' id='word_1_142' title='bbox 1068 1364 1295 1401; x_wconf 87' lang='lat' dir='ltr'>litterarum</span> <span class='ocrx_word' id='word_1_143' title='bbox 1329 1365 1419 1402; x_wconf 92' lang='lat' dir='ltr'>sub-</span> 
     </span>
     <span class='ocr_line' id='line_1_26' title="bbox 245 1424 1418 1476; baseline 0.001 -14"><span class='ocrx_word' id='word_1_144' title='bbox 245 1425 393 1463; x_wconf 88' lang='lat' dir='ltr'>tilitate</span> <span class='ocrx_word' id='word_1_145' title='bbox 409 1432 470 1463; x_wconf 88' lang='lat' dir='ltr'>set</span> <span class='ocrx_word' id='word_1_146' title='bbox 483 1425 499 1448; x_wconf 83' lang='lat'>2</span> <span class='ocrx_word' id='word_1_147' title='bbox 512 1428 550 1461; x_wconf 92' lang='lat' dir='ltr'>in</span> <span class='ocrx_word' id='word_1_148' title='bbox 568 1424 639 1461; x_wconf 86' lang='lat' dir='ltr'>hac</span> <span class='ocrx_word' id='word_1_149' title='bbox 652 1428 792 1474; x_wconf 87' lang='lat' dir='ltr'>utique</span> <span class='ocrx_word' id='word_1_150' title='bbox 804 1431 967 1474; x_wconf 86' lang='lat' dir='ltr'>praeter</span> <span class='ocrx_word' id='word_1_151' title='bbox 982 1431 1136 1462; x_wconf 88' lang='lat' dir='ltr'>ceteros</span> <span class='ocrx_word' id='word_1_152' title='bbox 1150 1426 1287 1470; x_wconf 86' lang='lat' dir='ltr'>solers,</span> <span class='ocrx_word' id='word_1_153' title='bbox 1299 1439 1418 1476; x_wconf 89' lang='lat' dir='ltr'>quem</span> 
     </span>
     <span class='ocr_line' id='line_1_27' title="bbox 244 1486 1418 1536; baseline 0.001 -12"><span class='ocrx_word' id='word_1_154' title='bbox 244 1490 395 1524; x_wconf 88' lang='lat' dir='ltr'>cunctis</span> <span class='ocrx_word' id='word_1_155' title='bbox 439 1487 597 1536; x_wconf 87' lang='lat' dir='ltr'>probari</span> <span class='ocrx_word' id='word_1_156' title='bbox 644 1486 771 1536; x_wconf 82' lang='lat' dir='ltr'>video)</span> <span class='ocrx_word' id='word_1_157' title='bbox 818 1486 961 1523; x_wconf 92' lang='lat' dir='ltr'>CCLII</span> <span class='ocrx_word' id='word_1_158' title='bbox 1005 1488 1157 1523; x_wconf 90' lang='lat' dir='ltr'>milium</span> <span class='ocrx_word' id='word_1_159' title='bbox 1199 1488 1418 1525; x_wconf 84' lang='lat' dir='ltr'>stadiorum</span> 
     </span>
     <span class='ocr_line' id='line_1_28' title="bbox 244 1548 1418 1599; baseline 0.002 -14"><span class='ocrx_word' id='word_1_160' title='bbox 244 1549 432 1599; x_wconf 81' lang='lat' dir='ltr'>prodidit,</span> <span class='ocrx_word' id='word_1_161' title='bbox 456 1562 558 1598; x_wconf 83' lang='lat' dir='ltr'>quae</span> <span class='ocrx_word' id='word_1_162' title='bbox 582 1561 767 1585; x_wconf 83' lang='lat' dir='ltr'>mensura</span> <span class='ocrx_word' id='word_1_163' title='bbox 791 1548 970 1585; x_wconf 77' lang='lat' dir='ltr'>Romana</span> <span class='ocrx_word' id='word_1_164' title='bbox 991 1552 1275 1598; x_wconf 87' lang='lat' dir='ltr'>conputatione</span> <span class='ocrx_word' id='word_1_165' title='bbox 1299 1550 1418 1588; x_wconf 84' lang='lat' dir='ltr'>efficit</span> 
     </span>
     <span class='ocr_line' id='line_1_29' title="bbox 245 1610 1417 1660; baseline 0 -12"><span class='ocrx_word' id='word_1_166' title='bbox 245 1614 488 1648; x_wconf 83' lang='lat' dir='ltr'>trecentiens</span> <span class='ocrx_word' id='word_1_167' title='bbox 539 1610 794 1660; x_wconf 85' lang='lat' dir='ltr'>quindeciens</span> <span class='ocrx_word' id='word_1_168' title='bbox 843 1616 1013 1647; x_wconf 88' lang='lat' dir='ltr'>centena</span> <span class='ocrx_word' id='word_1_169' title='bbox 1060 1610 1170 1647; x_wconf 79' lang='lat' dir='ltr'>milia</span> <span class='ocrx_word' id='word_1_170' title='bbox 1216 1624 1417 1660; x_wconf 86' lang='lat' dir='ltr'>passuum,</span> 
     </span>
     <span class='ocr_line' id='line_1_30' title="bbox 245 1672 1417 1722; baseline 0.001 -13"><span class='ocrx_word' id='word_1_171' title='bbox 245 1673 468 1722; x_wconf 87' lang='lat' dir='ltr'>improbum</span> <span class='ocrx_word' id='word_1_172' title='bbox 496 1685 648 1715; x_wconf 71' lang='lat' dir='ltr'>austun,</span> <span class='ocrx_word' id='word_1_173' title='bbox 673 1685 811 1709; x_wconf 85' lang='lat' dir='ltr'>verum</span> <span class='ocrx_word' id='word_1_174' title='bbox 831 1675 888 1708; x_wconf 89' lang='lat' dir='ltr'>ita</span> <span class='ocrx_word' id='word_1_175' title='bbox 911 1672 1046 1709; x_wconf 89' lang='lat' dir='ltr'>subtili</span> <span class='ocrx_word' id='word_1_176' title='bbox 1070 1676 1417 1722; x_wconf 86' lang='lat' dir='ltr'>argumentatione</span> 
     </span>
     <span class='ocr_line' id='line_1_31' title="bbox 244 1733 1413 1783; baseline 0.001 -12"><span class='ocrx_word' id='word_1_177' title='bbox 244 1733 574 1783; x_wconf 84' lang='lat' dir='ltr'>comprehensum</span> <span class='ocrx_word' id='word_1_178' title='bbox 595 1739 640 1770; x_wconf 91' lang='lat' dir='ltr'>ut</span> <span class='ocrx_word' id='word_1_179' title='bbox 660 1733 813 1783; x_wconf 90' lang='lat' dir='ltr'>pudeat</span> <span class='ocrx_word' id='word_1_180' title='bbox 833 1746 912 1770; x_wconf 90' lang='lat' dir='ltr'>non</span> <span class='ocrx_word' id='word_1_181' title='bbox 931 1734 1107 1770; x_wconf 88' lang='lat' dir='ltr'>credere.</span> <span class='ocrx_word' id='word_1_182' title='bbox 1162 1734 1413 1783; x_wconf 85' lang='lat' dir='ltr'>Hipparchus</span> 
     </span>
    </p>
   </div>
   <div class='ocr_carea' id='block_1_13' title="bbox 250 1829 1419 1962">
    <p class='ocr_par' dir='ltr' id='par_1_14' title="bbox 250 1829 1419 1962">
     <span class='ocr_line' id='line_1_32' title="bbox 294 1829 1419 1877; baseline 0.002 -10"><span class='ocrx_word' id='word_1_183' title='bbox 294 1837 306 1856; x_wconf 84' lang='lat'>¹</span> <span class='ocrx_word' id='word_1_184' title='bbox 331 1836 390 1868; x_wconf 74' lang='lat' dir='ltr'>Sic</span> <span class='ocrx_word' id='word_1_185' title='bbox 421 1836 617 1877; x_wconf 79' lang='lat' dir='ltr'>Detlefsen:</span> <span class='ocrx_word' id='word_1_186' title='bbox 653 1840 767 1876; x_wconf 76' lang='lat' dir='ltr'>potest</span> <span class='ocrx_word' id='word_1_187' title='bbox 796 1829 967 1868; x_wconf 58' lang='lat' dir='ltr'>LYXTX.</span> <span class='ocrx_word' id='word_1_188' title='bbox 995 1836 1040 1867; x_wconf 86' lang='lat' dir='ltr'>ab</span> <span class='ocrx_word' id='word_1_189' title='bbox 1066 1837 1155 1868; x_wconf 78' lang='lat' dir='ltr'>ostio</span> <span class='ocrx_word' id='word_1_190' title='bbox 1182 1836 1308 1868; x_wconf 88' lang='lat' dir='ltr'>Tanais</span> <span class='ocrx_word' id='word_1_191' title='bbox 1338 1837 1419 1869; x_wconf 85' lang='lat' dir='ltr'>nihil</span> 
     </span>
     <span class='ocr_line' id='line_1_33' title="bbox 250 1878 892 1919; baseline -0.002 -9"><span class='ocrx_word' id='word_1_192' title='bbox 250 1879 422 1911; x_wconf 74' lang='lat' dir='ltr'>modicum</span> <span class='ocrx_word' id='word_1_193' title='bbox 440 1879 680 1917; x_wconf 86' lang='lat' dir='ltr'>(immodicum</span> <span class='ocrx_word' id='word_1_194' title='bbox 700 1878 892 1919; x_wconf 47' lang='lat' dir='ltr'>Illayhsoff).</span> 
     </span>
     <span class='ocr_line' id='line_1_34' title="bbox 293 1921 584 1962; baseline 0.01 -12"><span class='ocrx_word' id='word_1_195' title='bbox 293 1922 305 1941; x_wconf 85' lang='lat'><strong>2</strong></span> <span class='ocrx_word' id='word_1_196' title='bbox 328 1921 508 1962; x_wconf 62' lang='lat' dir='ltr'>Ellayhoff:</span> <span class='ocrx_word' id='word_1_197' title='bbox 538 1925 584 1953; x_wconf 77' lang='lat' dir='ltr'>et.</span> 
     </span>
    </p>
   </div>
   <div class='ocr_carea' id='block_1_14' title="bbox 246 2007 317 2044">
    <p class='ocr_par' dir='ltr' id='par_1_15' title="bbox 246 2007 317 2044">
     <span class='ocr_line' id='line_1_35' title="bbox 246 2007 317 2044; baseline -0.014 0"><span class='ocrx_word' id='word_1_198' title='bbox 246 2007 317 2044; x_wconf 83' lang='lat'>370</span> 
     </span>
    </p>
   </div>
  </div>
 </body>
</html>
