1471 2326
419 111 609 150 PLINY:
659 113 923 151 NATURAL
957 113 1194 152 HISTORY

219 213 396 258 fraudes,
406 220 566 251 tantum
578 228 674 252 vero
685 215 841 252 luxuria
853 221 894 253 et
906 221 968 253 tot
979 216 1167 253 mortales
1175 221 1399 262 conterant,

221 291 471 328 gemmarum
512 282 669 329 pictura
708 285 793 316 tam
833 280 1058 330 multipleX‚
1097 280 1273 331 lapidum
1312 286 1397 318 tam

212 342 426 380 discolores
436 343 629 387 maculae,
639 346 823 393 interque
833 357 898 381 eos
909 343 1056 381 candor
1066 344 1226 381 alicuius
1237 350 1399 395 praeter

217 406 346 443 lucem
387 410 519 443 omnia
552 407 783 452 excludens,
810 407 1101 445 medicatorum
1128 408 1299 446 fontium
1327 411 1398 453 vis,

218 472 369 520 ignium
400 476 464 508 tot
494 471 589 508 locis
623 474 879 508 emicantium
910 478 1108 522 perpetua
1138 478 1202 510 tot
1231 472 1398 509 saeculis

216 535 413 579 incendia,
442 538 602 585 spiritus
632 535 772 572 letales
802 542 872 573 aut
889 535 904 559 1
933 537 1137 574 scrobibus
1164 535 1299 574 emissi
1328 542 1398 574 aut

217 602 302 648 ipso
329 599 405 636 loci
432 602 526 644 situ,
554 599 752 637 mortiferi
780 600 873 637 alibi
901 600 1122 638 volucribus
1151 607 1324 646 tantum,
1352 606 1399 639 ut

132 667 196 700 208
220 662 383 700 Soracte
416 666 542 700 vicino
575 664 664 701 urbi
695 669 844 709 tractu,
877 665 970 701 alibi
1003 671 1165 715 praeter
1197 665 1398 703 hominem

217 731 362 765 ceteris
391 729 673 773 animantibus,
700 742 999 779 nonnumquam
1028 735 1069 766 et
1096 729 1259 774 homini,
1286 735 1331 767 ut
1357 732 1398 766 in

218 791 456 829 Sinuessano
475 806 573 843 agro
593 799 635 830 et
654 793 890 837 Puteolano,
909 807 1011 843 quae
1029 793 1225 844 spiracula
1243 799 1399 838 vocant,

217 856 283 893 alii
292 856 513 901 Charonea,
523 858 683 894 scrobes
695 857 947 894 mortiferum
958 860 1141 907 spiritum
1153 857 1400 904 exhalantes,

218 923 317 958 item
332 924 373 958 in
389 921 566 971 Hirpinis
583 922 818 972 Ampsancti
835 922 886 959 ad
904 922 1096 972 Mephitis
1114 923 1255 959 aedem
1268 922 1399 960 locum

218 998 337 1035 quem
359 988 425 1035 qui
445 988 646 1023 intravere
666 989 903 1031 moriuntur,
923 986 1039 1023 simili
1057 987 1175 1024 modo
1197 987 1402 1037 Hierapoli

218 1052 260 1086 in
281 1050 378 1086 Asia
402 1050 548 1087 Matris
570 1056 731 1087 tantum
756 1050 932 1101 Magnae
955 1051 1152 1088 sacerdoti
1174 1054 1400 1096 innoxium3

217 1114 311 1151 alibi
340 1113 491 1151 fatidici
520 1128 676 1164 specus,
705 1128 874 1165 quorum
905 1114 1159 1152 exhalatione
1187 1116 1400 1153 temulenti

217 1177 353 1215 futura
386 1181 636 1228 praecinant,
669 1185 715 1216 ut
750 1179 918 1229 Delphis
952 1179 1196 1217 nobilissimo
1230 1180 1400 1218 oraculo.

216 1242 369 1289 Quibus
405 1246 446 1280 in
480 1244 597 1280 rebus
635 1244 730 1294 quid
765 1246 889 1293 possit
924 1243 1031 1281 aliud
1065 1257 1207 1281 causae
1243 1243 1401 1281 adferre

217 1307 447 1344 mortalium
468 1310 663 1358 quispiam
684 1321 803 1358 quam
822 1307 986 1345 diffusae
1005 1321 1077 1358 per
1097 1321 1214 1346 omne
1232 1314 1400 1346 naturae

216 1372 383 1409 subinde
404 1372 523 1409 aliter
543 1378 664 1422 atque
685 1372 803 1409 aliter
822 1386 970 1409 numen
989 1372 1228 1423 erumpens?

130 1440 196 1474 209
269 1436 410 1474 XCVI.
465 1436 673 1483 Quaedam
708 1450 802 1474 vero
835 1443 971 1474 terrae
1005 1437 1057 1474 ad
1088 1440 1287 1487 ingressus
1320 1443 1400 1475 tre—

215 1507 344 1545 munt,
367 1503 469 1538 sicut
492 1504 533 1538 in
557 1501 746 1538 Gabiensi
770 1514 867 1551 agro
890 1514 969 1538 non
992 1501 1130 1551 procul
1152 1502 1250 1539 urbe
1274 1502 1400 1539 Roma

214 1567 355 1615 iugera
374 1565 501 1602 ferme
523 1565 697 1603 ducenta
718 1569 985 1615 equitantium
1005 1579 1136 1610 cursu,
1156 1566 1340 1603 similiter
1359 1569 1399 1603 in

216 1628 399 1667 Reatino.
485 1630 683 1680 quaedam
733 1630 885 1667 insulae
934 1643 1093 1680 semper
1143 1630 1399 1675 fluctuantur,

214 1696 318 1731 sicut
338 1697 378 1730 in
400 1707 497 1745 agro
519 1694 703 1732 Caecubo
726 1700 768 1732 et
790 1694 931 1732 eodem
953 1694 1137 1739 Reatino,
1161 1694 1398 1740 Mutinensi,

215 1757 474 1804 Statoniensi,
509 1761 550 1796 in
584 1758 814 1796 Vadimonis
850 1759 952 1803 lacu,
988 1758 1039 1796 ad
1075 1758 1240 1796 Cutilias
1276 1772 1398 1809 aquas

594 1839 607 1859 ²
632 1839 823 1871 Rackham:
853 1839 934 1870 alibi
949 1842 1021 1871 aut.

261 1947 275 1962 ‘¹
298 1942 484 1983 Phengitis,
505 1942 681 1974 described
701 1942 859 1974 XXXVI
881 1943 942 1974 163
962 1953 1000 1974 as
1019 1942 1232 1974 translucent
1252 1942 1316 1974 but
1335 1945 1396 1974 not

218 1989 446 2027 transparent.

213 2040 286 2087 338
