1471 2326
107 1066 148 1097 16

370 131 539 168 PLINY
555 145 563 169 :
612 130 881 168 NATURAL
919 130 1158 169 HISTORY

176 237 392 278 invenitur,
436 247 553 270 nemo
598 233 705 283 apud
748 233 922 270 Graecos
965 235 1032 283 qui
1076 247 1177 270 unus
1220 234 1355 271 omnia

177 311 226 335 ea
252 300 497 334 tractaverit.
552 311 698 347 magna
724 310 814 347 pars
841 297 1062 333 studiorum
1088 299 1355 334 amoenitates

176 364 419 411 quaerimus,
460 374 562 411 quae
603 374 696 397 vero
736 366 913 398 tractata
953 361 1003 397 ab
1044 360 1129 397 aliis
1169 360 1356 397 dicuntur

176 427 381 462 inmensae
425 425 660 461 subtilitatis
703 425 878 461 obscuris
921 437 1052 461 rerum
1095 426 1135 460 in
1178 424 1356 461 tenebris

175 494 423 539 premuntur.
488 495 583 525 ante
621 490 753 525 omnia
790 487 1029 538 attingenda
1071 501 1174 537 quae
1213 487 1355 524 Graeci

174 555 238 601 τῆς
284 553 478 603 ἐγκυκλίου
523 553 686 592 παιδείας
732 557 897 595 vocant3
944 557 987 588 et
1033 557 1171 588 tamen
1217 553 1357 601 ignota.

175 622 245 652 aut
259 619 412 653 incerta
426 618 595 666 ingeniis
612 615 733 660 facta,
749 615 826 652 alia
841 628 933 652 vero
948 614 1031 652 ital
1046 615 1182 652 multis
1197 615 1356 665 prodita

175 685 221 716 ut
254 682 295 715 in
329 679 535 716 fastidium
569 682 648 716 sint
683 679 869 716 adducta.
930 692 993 716 res
1027 679 1152 715 ardua
1185 681 1354 716 vetustis

175 745 397 779 novitatem
410 743 520 787 dare,
533 745 643 780 novis
657 745 955 787 auctoritatem,
968 742 1156 779 obsoletis
1169 744 1355 787 nitorem,

174 807 349 843 obscuris
393 807 537 851 lucem,
581 806 771 844 fastiditis
814 809 1002 857 gratiam,
1046 806 1176 843 dubiis
1220 806 1354 851 fidem,

174 871 357 907 omnibus
400 884 493 907 vero
537 876 724 907 naturam
766 876 809 907 et
852 876 1021 907 naturae
1069 870 1168 907 sua²
1208 872 1353 907 omnia.

174 936 313 983 itaque
346 935 458 971 nobis
493 936 616 971 etiam
655 947 734 970 non
767 936 959 971 assecutis
997 933 1165 970 voluisse
1195 934 1354 971 abunde

173 997 381 1047 pulchrum
402 1004 524 1048 atque
549 998 804 1048 magnificum
830 1003 903 1035 est.

226 1061 425 1111 Equidem
449 1064 507 1098 ita
532 1064 675 1106 sentio,
699 1061 941 1112 peculiarem
965 1063 1006 1098 in
1030 1061 1170 1099 studiis
1194 1074 1355 1099 causam

173 1138 311 1162 eorum
328 1138 413 1162 esse
431 1128 497 1175 qui
514 1125 814 1162 difficultatibus
830 1127 944 1162 victis
961 1125 1179 1163 utilitatem
1194 1126 1355 1163 iuvandi

172 1189 450 1239 praetulerunt
474 1192 629 1239 gratiae
654 1189 860 1239 placendi3
895 1189 1016 1239 idque
1040 1192 1121 1226 iam
1141 1195 1183 1226 et
1207 1192 1247 1226 in
1267 1190 1355 1227 aliis

171 1254 357 1302 operibus
391 1255 476 1303 ipse
510 1253 602 1298 feci,
636 1259 679 1290 et
712 1253 902 1303 profiteor
936 1255 1069 1290 mirari
1101 1253 1147 1290 T.
1184 1253 1354 1298 Livium,

172 1322 379 1353 auctorem
400 1316 719 1361 celeberrimum,
739 1319 780 1353 in
800 1316 1054 1354 historiarum
1074 1330 1234 1354 suarum
1255 1331 1354 1368 quas

171 1383 321 1430 repetit
342 1381 392 1417 ab
412 1383 564 1431 origine
585 1381 693 1418 urbis
713 1380 887 1431 quodam
906 1380 1106 1418 volumine
1125 1383 1180 1418 sic
1199 1394 1354 1419 orsum:

170 1447 267 1481 satis
293 1447 372 1481 iam
397 1445 470 1481 sibi
495 1444 644 1495 gloriae
671 1447 913 1494 quaesitum,
939 1450 982 1482 et
1007 1447 1184 1495 potuisse
1213 1458 1255 1482 se
1285 1445 1355 1482 de-

170 1508 314 1554 sidere,
330 1511 369 1544 ni
386 1511 539 1545 animus
555 1507 736 1558 inquies3
748 1514 980 1558 pasceretur
993 1522 1125 1558 opere.
1173 1509 1354 1559 profecto

170 1574 277 1608 enim
316 1572 450 1622 populi
488 1575 672 1623 gentium
711 1574 870 1609 victoris
905 1578 948 1609 et
981 1572 1149 1609 Romani
1183 1575 1353 1610 nominis

169 1635 333 1685 gloriae,
366 1649 445 1673 non
480 1649 589 1680 suae,
627 1638 880 1686 conposuisse
920 1636 985 1672 illa
1023 1636 1181 1680 decuit3
1226 1639 1352 1674 maius

169 1702 359 1736 meritum
386 1705 493 1736 esset
519 1702 648 1750 operis
676 1713 825 1744 amore,
852 1713 931 1736 non
958 1702 1078 1736 animi
1104 1713 1238 1744 causa,
1265 1714 1352 1750 per-

213 1799 226 1818 ²
247 1801 295 1832 ita
311 1802 355 1832 a?
380 1800 560 1832 Rackham.
654 1800 666 1818 ²
689 1799 830 1832 Durand
846 1813 851 1830 :
885 1811 976 1831 suae.
1068 1800 1080 1819 ³
1105 1800 1157 1832 ολ.
1175 1801 1210 1832 in
1225 1801 1350 1841 quiete.

166 1870 255 1878 ——

303 1960 316 1979 ⁶
337 1918 521 1992 ἓοὲιῖὶέῗὲ
534 1961 628 2003 gives
644 1960 652 1973 ‘
668 1972 726 2003 my
742 1961 837 1993 mind
853 1962 887 1993 in
902 1972 923 1993 a
936 1960 1055 2004 period
1070 1960 1110 1992 of
1119 1959 1212 1993 rest:

155 2032 200 2058 10
