1471 2326
96 234 160 265 203

99 1005 164 1037 204

105 1777 169 1809 205

381 125 549 164 PLINY
562 139 572 164 ι
621 126 885 164 NATURAL
919 126 1156 164 HISTORY

233 229 342 266 Ante
372 242 442 265 nos
474 234 515 266 et
544 231 657 266 iuxta
688 228 846 266 Italiam
875 231 981 266 inter
1010 229 1169 266 Aeolias
1199 228 1357 274 insulas,

180 296 279 330 item
299 296 412 330 iuxta
433 293 595 330 Cretam
617 296 779 330 emersit
801 293 939 330 MMD
960 306 1147 343 passuum
1168 307 1247 329 una
1268 306 1358 330 cum

181 357 315 394 calidis
356 356 546 401 fontibus,
586 357 714 394 altera
755 357 1001 408 Olympiadis
1043 357 1213 394 CLXIII
1255 370 1358 394 anno

181 424 304 458 tertio
321 424 361 458 in
375 422 502 459 Tusco
517 425 618 465 sinu,
631 421 801 472 flagrans
820 421 919 458 haec
937 421 1110 458 violento
1128 435 1218 458 cum
1237 421 1359 459 flatu:

181 486 442 536 proditurque
463 489 680 522 memoriae
701 499 847 536 magna
868 488 972 522 circa
994 499 1082 522 eam
1102 485 1360 523 multitudine

181 553 349 600 piscium
377 550 560 587 fluitante
587 549 798 587 confestim
827 553 1027 600 expirasse
1056 550 1195 600 quibus
1224 563 1274 587 ex
1299 549 1360 586 his

183 614 292 651 cibus
323 614 476 652 fuisset.
531 617 585 651 sic
617 621 658 652 et
689 614 939 651 Pithecussas
970 617 1011 651 in
1041 614 1243 664 Campano
1272 617 1361 651 sinu

184 678 320 716 ferunt
359 685 481 723 ortas,
520 693 614 716 mox
653 682 695 715 in
732 678 791 715 his
831 684 1011 715 montem
1049 678 1232 728 Epopon,
1271 691 1362 715 cum

184 749 354 793 repente
380 743 539 780 flamma
565 756 615 780 ex
641 756 688 780 eo
715 746 955 787 emicuisset,
979 745 1193 793 campestri
1217 755 1363 792 aequa-

182 813 270 844 tum
305 807 497 857 planitiei.
551 810 592 844 in
617 807 758 844 eadem
783 813 824 844 et
849 807 1038 857 oppidum
1061 806 1250 844 haustum
1272 820 1363 857 pro-

184 871 321 915 fundo,
353 872 508 922 alioque
540 878 652 909 motu
683 878 818 908 terrae
849 877 1036 922 stagnum
1068 874 1289 915 emersisse,
1321 875 1364 908 et

185 936 260 972 alio
276 936 492 986 provolutis
509 937 710 973 montibus
727 936 895 972 insulam
913 938 1093 973 extitisse
1109 934 1361 986 Prochytam.

236 1000 320 1037 XC.
374 1001 557 1050 Namque
584 1006 625 1037 et
648 999 722 1037 hoc
746 1000 864 1037 modo
888 999 1034 1036 insulas
1062 1013 1196 1036 rerum
1219 1005 1364 1036 natura

184 1064 308 1102 fecit:
361 1064 498 1102 avellit
549 1064 721 1101 Siciliam
774 1064 930 1108 Italiae,
985 1063 1161 1114 Cyprum
1213 1063 1365 1114 Syriae,

185 1129 391 1166 Euboeam
415 1129 620 1173 Boeotiae,
643 1129 832 1166 Euboeae
856 1128 1078 1165 Atalanten
1101 1134 1143 1165 et
1169 1127 1366 1172 Macrian,

186 1193 396 1230 Besbicum
429 1192 655 1244 Bithyniae,
689 1193 922 1230 Leucosiam
959 1192 1142 1230 Sirenum
1178 1205 1366 1242 promun-

185 1261 302 1295 turio.
355 1257 460 1295 XCI.
514 1258 662 1294 Rursus
685 1257 850 1294 abstulit
870 1257 1014 1294 insulas
1035 1259 1136 1294 mari
1155 1259 1365 1306 iunxitque

185 1325 318 1366 terris,
360 1323 564 1359 Antissam
607 1322 751 1366 Lesbo,
794 1321 1033 1372 Zephyrium
1075 1321 1366 1365 Halicarnasso,

187 1386 397 1424 Aethusan
440 1386 608 1437 Myndo,
650 1386 886 1423 Dromiscon
927 1392 968 1423 et
1009 1385 1167 1422 Pernen
1208 1384 1366 1430 Mileto,

187 1450 478 1489 Narthecusam
539 1450 754 1487 Parthenio
813 1453 1100 1500 promunturio.
1165 1448 1367 1500 Hybanda

190 1515 390 1565 quondam
417 1515 544 1552 insula
574 1515 708 1552 Ioniae
736 1515 916 1552 ducentis
944 1528 1048 1552 nunc
1075 1527 1099 1551 a
1124 1517 1225 1551 mari
1251 1514 1367 1551 abest

188 1580 340 1624 stadiis,
387 1579 528 1630 Syrien
574 1579 754 1630 Ephesus
801 1582 843 1616 in
887 1579 1184 1616 mediterraneo
1229 1577 1367 1622 habet,

190 1644 405 1681 Derasidas
459 1650 501 1681 et
553 1643 821 1694 Sapphoniam
873 1646 1000 1680 xicina
1052 1646 1089 1680 ei
1142 1642 1365 1693 Magnesia.

190 1709 414 1758 Epidaurus
429 1714 469 1746 et
483 1708 645 1746 Oricum
657 1708 807 1745 insulae
821 1721 906 1745 esse
918 1708 1135 1745 desierunt.

243 1773 370 1810 XCII.
426 1773 473 1810 In
497 1779 629 1810 totum
655 1773 820 1810 abstulit
843 1778 972 1810 terras
997 1774 1169 1822 primum
1192 1773 1367 1808 omnium

190 1838 258 1874 ubi
304 1837 555 1875 Atlanticum
599 1850 710 1874 mare
757 1842 833 1881 est,
877 1839 910 1873 si
956 1836 1112 1873 Platoni
1156 1835 1367 1880 credimus,

405 1999 421 2014 ⁶
446 1995 507 2027 126
525 2002 592 2028 Β.ο.
837 1992 852 2014 ⁸
875 1992 1034 2025 Timaeus
1049 1993 1092 2025 24
1107 2001 1141 2025 Β.

189 2067 263 2105 334
