1471 2326
77 878 120 909 68

81 1581 124 1613 59

350 127 517 165 PLINY
531 141 540 165 :
589 126 854 164 NATURAL
888 125 1126 163 HISTORY

145 233 186 268 in
207 232 374 280 triginta
396 229 535 266 diebus
558 242 679 278 super
699 234 830 265 terras
853 227 1057 270 occultari,
1078 226 1149 264 sed
1171 225 1221 263 ab
1244 225 1328 263 aliis

147 296 270 338 atque
291 289 376 325 aliis
393 288 407 311 1
427 287 502 324 hoc
522 290 645 331 cerni,
667 299 850 336 quaeque
870 291 964 323 sunt
983 288 1024 322 in
1044 285 1118 322 hoc
1138 285 1329 322 miraculo

146 350 321 383 maxime
351 349 466 391 mira,
495 359 586 382 cum
616 348 827 382 conveniat
857 345 1000 381 umbra
1028 349 1165 381 terrae
1194 344 1328 380 lunam

146 405 345 449 hebetari,
362 418 466 442 nunc
484 405 534 441 ab
553 417 713 441 occasus
731 409 848 453 parte
866 402 940 440 hoc
959 405 996 439 ei
1014 402 1209 445 accidere,
1226 415 1330 438 nunc

145 465 196 500 ab
232 469 410 507 exortus,
445 469 487 500 et
523 476 696 512 quanam
729 464 899 505 ratione,
933 474 1023 498 cum
1057 461 1150 497 solis
1186 466 1330 498 exortu

144 523 287 559 umbra
311 522 381 558 illa
406 521 639 558 hebetatrix
666 521 739 557 sub
765 527 878 557 terra
905 533 992 557 esse
1019 519 1182 563 debeat,
1207 518 1332 555 semel

145 584 224 617 iam
258 580 449 617 acciderit
482 585 527 617 ut
559 583 600 616 in
633 592 774 616 occasu
806 579 901 615 luna
933 578 1126 615 deficeret
1158 583 1331 627 utroque

145 652 266 688 super
290 644 443 675 terram
469 640 680 687 conspicuo
705 637 849 674 sidere.
903 649 996 673 nam
1021 642 1067 673 ut
1092 636 1166 672 XV
1191 636 1330 672 diebus

145 704 361 747 utrumque
390 697 496 734 sidus
528 702 792 746 quaereretur
823 701 865 732 et
894 701 1032 731 nostro
1061 708 1159 731 aevo
1188 694 1332 731 accidit

144 756 452 805 imperatoribus
492 755 744 805 Vespasianis
795 760 910 804 patre
950 753 1026 790 III.
1067 753 1146 790 filio
1184 756 1330 790 iterum

145 814 381 851 consulibus.

196 873 267 909 XI.
324 872 479 909 Lunam
513 884 674 920 semper
709 873 857 907 aversis
893 883 917 906 a
950 869 1034 906 sole
1068 870 1267 913 cornibus,
1300 871 1332 906 si

145 937 313 974 crescat,
344 936 454 967 ortus
487 935 686 979 spectare,
716 932 749 966 si
780 931 997 972 minuatur,
1028 941 1203 972 occasus,
1233 927 1332 965 haut

146 990 312 1026 dubium
332 995 407 1032 est,
426 995 467 1025 et
484 988 499 1011 ²
516 988 651 1024 lucere
670 987 886 1024 dodrantes
905 989 1126 1023 semuncias
1144 986 1332 1023 horarum

147 1049 197 1084 ab
237 1047 412 1084 secunda
452 1047 693 1083 adicientem
732 1059 858 1095 usque
898 1046 949 1082 ad
987 1045 1152 1095 plenum
1191 1046 1332 1082 orbem

146 1106 510 1155 detrahentemque
547 1108 587 1141 in
623 1106 956 1147 deminutionem,
984 1107 1091 1141 intra
1126 1110 1334 1153 quattuor-

146 1166 275 1202 decim
315 1170 452 1201 autem
490 1170 626 1213 partes
665 1164 757 1200 solis
796 1176 956 1212 semper
994 1162 1193 1199 occultam
1233 1176 1331 1200 esse.

147 1238 225 1273 quo
256 1229 494 1273 argumento
525 1223 694 1272 amplior
724 1225 946 1258 errantium
975 1221 1185 1258 stellarum
1215 1235 1334 1271 quam

146 1283 264 1319 lunae
282 1281 517 1332 magnitudo
535 1282 752 1331 colligitur,
770 1281 928 1330 quando
946 1281 1039 1317 illae
1059 1286 1100 1317 et
1118 1294 1141 1316 a
1157 1283 1334 1330 septenis

146 1341 351 1378 interdum
392 1341 572 1390 partibus
614 1345 847 1390 emergant3
901 1339 972 1376 sed
1013 1339 1185 1376 altitudo
1225 1342 1334 1389 cogit

147 1404 319 1437 minores
337 1400 476 1443 videri,
491 1402 593 1436 sicut
611 1399 760 1436 adfixas
777 1398 889 1435 caelo
904 1398 997 1434 solis
1014 1397 1146 1447 fulgor
1161 1398 1336 1435 interdiu

148 1472 228 1495 non
250 1462 373 1502 cerm',
394 1471 485 1495 cum
508 1471 634 1507 aeque
657 1471 702 1494 ac
724 1463 847 1494 noctu
868 1457 1044 1500 luceant,
1066 1456 1187 1506 idque
1209 1459 1335 1493 mani-

148 1517 297 1554 festum
318 1517 386 1554 fiat
405 1516 568 1554 defectu
587 1516 679 1553 solis
700 1522 741 1552 et
759 1515 950 1565 praealtis
969 1517 1114 1564 puteis.

202 1576 293 1612 XII.
349 1576 581 1612 Errantium
620 1580 757 1611 autem
793 1580 877 1611 tres
916 1586 1013 1623 quas
1051 1586 1173 1622 supra
1208 1572 1335 1609 solem

150 1635 321 1671 diximus
337 1637 433 1671 sitas
450 1634 702 1671 occultantur
717 1639 900 1669 meantes
916 1645 1008 1669 cum
1024 1645 1086 1676 eo,
1102 1634 1337 1668 exoriuntur

538 1720 551 1739 1
574 1719 627 1749 v.l.
644 1729 708 1749 om.
726 1722 831 1758 atque
848 1718 940 1750 aliis.

536 1762 550 1781 ²
573 1765 607 1792 et
622 1761 697 1792 add.
714 1761 894 1792 Rackham.

200 1892 214 1907 α
239 1888 297 1919 Le.
320 1898 383 1918 one
403 1887 525 1927 eclipse
546 1889 582 1916 to
603 1885 661 1916 the
681 1884 895 1915 inhabitants
915 1883 954 1914 of
971 1884 1028 1916 the
1047 1883 1212 1915 northern
1233 1884 1336 1915 hemi·

156 1930 368 2004 spbegebtlssel
377 1930 474 1961 other
488 1933 525 1960 to
539 1928 637 1960 those
652 1927 690 1960 of
701 1927 759 1960 the
773 1927 947 1959 southern.

155 2033 226 2070 206
