1471 2326
366 117 556 157 PLINY:
605 119 869 158 NATURAL
904 121 1144 160 HISTORY

167 218 350 269 adparuit
380 220 425 257 L.
451 220 608 271 Opimio
633 221 681 267 Q.
707 222 829 259 Fabio
855 236 967 268 coss„
994 224 1099 260 orbis
1132 224 1176 261 L.
1206 224 1344 262 Porcio

168 283 240 320 Μ’.
265 284 406 329 Acilio,
435 285 602 322 circulus
632 286 741 322 rubri
765 286 906 323 coloris
932 286 977 324 L.
1006 287 1106 324 Iulio
1130 287 1172 325 P.
1197 288 1346 326 Rutilio

168 360 265 384 COSS.

215 411 341 448 XXX.
397 412 516 450 Fiunt
532 413 748 464 prodigiosi
767 420 808 451 et
823 414 1023 465 longiores
1040 415 1132 452 solis
1150 415 1346 461 defectus,

166 475 291 524 qualis
322 479 450 513 occiso
480 476 678 514 dictatore
708 477 879 515 Caesare
910 485 953 516 et
982 479 1210 516 Antoniano
1239 480 1347 517 bello

102 543 144 574 99
170 542 292 576 totius
335 553 464 589 paene
507 543 599 577 anni
641 541 793 590 pallore
835 545 1035 579 continuo.
1089 543 1238 580 XXXI.
1292 543 1347 581 Et

166 616 300 640 rursus
321 603 423 640 soles
444 604 577 654 plures
598 605 715 642 simul
734 612 965 650 cernuntur,
985 619 1058 643 nec
1079 620 1198 656 supra
1218 610 1346 657 ipsum

167 680 241 704 nec
261 666 366 704 infra
385 668 457 705 sed
478 682 527 705 ex
548 669 722 718 obliquo,
743 683 961 720 numquam
982 672 1094 707 iuxta
1114 684 1187 707 nec
1207 677 1347 708 contra

166 736 334 776 terram,
366 745 440 769 nec
473 739 594 769 noctu
627 733 698 770 sed
731 739 800 770 aut
833 736 989 771 oriente
1022 740 1092 771 aut
1125 735 1346 773 occidente.

166 795 292 832 semel
325 801 366 833 et
399 797 566 833 meridie
600 800 803 847 conspecti
833 800 874 834 in
904 797 1081 847 Bosporo
1111 798 1349 848 produntur,

167 862 234 909 qui
267 860 317 896 ab
350 863 548 897 matutino
581 866 764 910 tempore
798 861 1043 898 duraverunt
1076 849 1117 898 in
1148 875 1343 900 occasum.

165 926 290 960 trinos
319 923 422 961 soles
451 927 603 974 antiqui
633 928 788 974 saepius
817 925 968 969 videre,
990 928 1092 963 sicut
1117 925 1182 976 Sp.
1208 926 1349 964 Postu-

167 990 246 1024 mio
265 987 312 1034 Q.
336 987 471 1025 Mucio
491 994 531 1025 et
551 988 598 1035 Q.
622 988 774 1025 Marcio
796 989 853 1026 M.
874 989 1012 1026 Porcio
1032 996 1074 1027 et
1094 990 1152 1027 M.
1171 990 1348 1028 Antonio

168 1050 210 1088 P.
235 1051 448 1089 Dolabella
468 1058 510 1090 et
531 1053 589 1089 M.
614 1053 766 1102 Lepido
784 1053 828 1090 L.
851 1052 996 1090 Planco
1019 1067 1133 1098 coss.,
1155 1059 1197 1091 et
1212 1060 1348 1091 nostra

167 1121 278 1152 aetas
318 1116 416 1153 vidit
455 1116 544 1153 divo
583 1116 750 1154 Claudio
788 1120 981 1167 principe,
1018 1117 1226 1155 consulatu
1265 1121 1348 1155 eius

167 1178 352 1217 Cornelio
375 1180 503 1218 Orfito
524 1181 690 1231 collega.
745 1181 877 1230 plures
900 1195 1020 1231 quam
1039 1187 1122 1219 tres
1142 1181 1257 1219 simul
1278 1184 1348 1219 visi

166 1243 218 1281 ad
234 1243 307 1281 hoc
325 1247 409 1281 aevi
428 1258 645 1295 numquam
660 1245 895 1294 produntur.

216 1307 388 1345 XXXII.
444 1308 582 1346 Lunae
615 1322 773 1359 quoque
804 1312 948 1354 trinae,
980 1315 1026 1347 ut
1064 1309 1135 1347 Cn.
1169 1310 1348 1348 Domitio

167 1371 210 1409 C.
233 1373 382 1410 Fannio
402 1373 640 1417 consulibus,
660 1386 893 1423 apparuere.

84 1440 146 1471 100
236 1436 430 1474 XXXIII.
485 1437 603 1483 Quod
656 1437 837 1487 plerique
891 1437 1195 1487 appellaverunt
1247 1438 1349 1475 soles

167 1507 395 1545 nocturnos,
409 1501 546 1538 lumen
562 1501 611 1538 de
628 1501 740 1538 caelo
756 1507 877 1539 noctu
894 1505 1020 1538 visum
1037 1507 1099 1539 est
1115 1501 1158 1539 C.
1176 1501 1348 1539 Caecilio

168 1564 238 1601 Cn.
263 1564 422 1614 Papirio
442 1565 668 1602 consulibus
692 1571 734 1602 et
755 1578 875 1615 saepe
898 1565 1009 1609 alias,
1030 1571 1076 1603 ut
1097 1565 1175 1603 diei
1197 1568 1349 1615 species

166 1635 284 1665 nocte
302 1629 466 1666 luceret.

219 1692 404 1730 XXXIV.
459 1693 619 1743 Clipeus
663 1693 806 1730 ardens
849 1693 899 1730 ab
941 1706 1082 1730 occasu
1124 1693 1176 1730 ad
1216 1698 1349 1730 ortum

272 1842 287 1857 ⁰
312 1840 369 1870 121
392 1848 456 1871 Β.ο.
680 1838 693 1858 ¹²
718 1840 780 1870 114
798 1847 863 1871 Β.ο.
1073 1842 1085 1858 ⁰
1107 1839 1150 1869 90
1168 1846 1233 1870 Β.ο.

276 1880 290 1900 '¹
314 1883 376 1912 174
393 1891 457 1913 Ro.
679 1886 691 1900 ²
716 1883 777 1913 118
793 1890 858 1913 Rc.
1072 1881 1086 1906 Ι
1105 1882 1148 1911 44
1162 1889 1228 1912 Β.ο.

278 1930 290 1948 ⁰
312 1926 354 1955 42
370 1933 434 1956 Β.ο.
681 1924 696 1944 ¹·
718 1934 790 1955 A.D.
808 1925 860 1956 51.
1073 1924 1083 1944 ⁴
1104 1924 1167 1955 222
1186 1931 1250 1956 Β.σ.

277 1967 288 1990 1
310 1968 370 1999 113
387 1975 454 2000 Β.ο.
676 1966 690 1987 '⁶
712 1968 753 1999 86
770 1975 836 1999 B.0.

169 2039 238 2074 24²
