1471 2326
366 122 534 161 PLINY
547 136 556 160 t
606 122 871 161 NATURAL
905 123 1143 161 HISTORY

167 224 239 262 sed
263 238 311 262 ex
334 227 516 275 proxima
538 231 660 274 atque
683 224 903 262 turbidiore
925 231 1096 263 natura:
1137 237 1345 275 argumen-

167 294 254 325 tum
273 288 446 332 evidens,
463 288 569 338 quod
588 291 720 326 omnia
737 302 758 325 e
774 291 978 338 superiore
994 288 1104 325 caelo
1120 288 1346 326 decidentia

168 352 348 402 obliquos
389 352 540 389 habent
581 355 697 396 ictus,
736 351 835 389 haec
876 358 1012 389 autem
1060 365 1162 402 quae
1203 358 1345 389 vocant

87 421 149 452 139
172 421 336 452 terrena
349 422 492 453 rectos.
541 422 584 453 et
603 414 728 466 quael
744 429 793 453 ex
808 419 994 466 propiore
1012 419 1183 453 materia
1200 416 1348 453 cadunt

167 479 257 516 ideo
290 480 508 517 creduntur
542 493 563 517 e
596 486 708 517 terra
741 482 852 517 exire
886 482 1071 529 quoniam
1106 493 1155 517 ex
1187 480 1348 529 repulsu

167 543 276 580 nulla
308 546 477 594 vestigia
511 543 649 587 edunt,
681 557 772 580 cum
804 546 855 581 sit
886 544 956 580 illa
986 547 1088 580 ratio
1121 557 1200 580 non
1232 543 1349 580 inferi

163 609 265 644 ictus
307 607 378 644 sed
415 607 574 644 aversi.2
625 620 650 644 a
686 606 845 644 Saturni
891 620 938 644 ea
981 607 1112 644 sidere
1156 607 1349 657 proficisci

166 671 349 708 subtilius
383 674 461 708 ista
492 674 711 708 consectati
745 677 905 721 putant,
936 674 1039 708 sicut
1071 674 1292 708 cremantia
1324 683 1348 707 a

169 734 328 778 Martis,
364 735 536 784 qualiter
571 749 661 772 cum
696 735 874 779 Volsinii,
909 735 1098 784 oppidum
1132 735 1348 771 Tuscorum

167 799 528 848 opulentissimum,
564 805 697 836 totum
734 805 1034 836 concrematum
1071 804 1134 835 est
1170 798 1347 836 fulmine.

170 869 314 899 vocant
344 868 386 900 et
412 862 637 906 familiaria,
668 866 708 898 in
735 868 866 899 totam
893 865 1015 899 vitam
1041 861 1217 907 fatidica,
1245 875 1348 912 quae

167 929 297 976 prima
331 926 430 963 fiunt
463 926 657 963 familiam
690 939 802 963 suam
835 929 978 976 cuique
1012 926 1188 975 indepto.
1241 932 1349 963 cete-

166 1003 255 1026 rum
285 993 517 1027 existimant
546 1004 625 1026 non
653 990 760 1027 ultra
787 990 929 1027 decem
957 1003 1078 1027 annos
1107 990 1350 1040 portendere

167 1056 323 1103 privata
359 1060 645 1104 praeterquam
682 1060 752 1091 aut
788 1057 917 1104 primo
954 1056 1207 1091 matrimonio
1243 1053 1351 1091 facta

167 1124 237 1154 aut
262 1119 385 1154 natali
411 1118 489 1162 die,
514 1118 673 1168 publica
697 1131 777 1154 non
800 1118 908 1154 ultra
930 1120 1177 1155 tricesimum
1201 1130 1349 1154 annum

166 1187 450 1231 praeterquam
471 1185 511 1218 in
531 1182 771 1218 deductione
792 1181 937 1231 oppidi.

84 1250 147 1281 140
222 1245 325 1282 LIV.
380 1246 525 1283 Exstat
544 1246 746 1282 annalium
764 1248 957 1282 memoria
974 1248 1093 1282 sacris
1113 1245 1348 1295 quibusdam

168 1315 210 1346 et
228 1310 522 1359 precationibus
538 1309 601 1346 vel
613 1312 701 1359 cogi
720 1309 887 1346 fulmina
900 1309 963 1346 vel
975 1312 1180 1359 inpetrari.
1234 1315 1348 1346 vetus

166 1373 274 1410 fama
320 1374 506 1410 Etruriae
554 1380 616 1410 est
662 1376 923 1423 inpetratum,
968 1373 1162 1410 Volsinios
1208 1373 1347 1410 urbem

166 1437 419 1487 depopulatis
450 1440 556 1487 agris
587 1438 784 1474 subeunte
814 1443 994 1474 monstro
1024 1437 1131 1487 quod
1159 1450 1350 1474 vocavere

168 1501 320 1545 Oltam,
345 1508 553 1538 evocatum
578 1514 602 1537 a
626 1501 791 1538 Porsina
814 1514 884 1537 suo
907 1513 1015 1551 rege.
1071 1506 1113 1538 et
1136 1507 1231 1537 ante
1256 1513 1348 1537 eum

167 1578 191 1601 a
220 1565 350 1601 Numa
378 1569 534 1615 saepius
563 1564 637 1602 hoc
665 1565 896 1602 factitatum
924 1567 965 1601 in
991 1567 1120 1614 primo
1148 1564 1349 1601 annalium

165 1642 326 1665 suorum
349 1630 474 1666 tradit
497 1629 543 1668 L.
568 1629 671 1673 Piso,
692 1632 823 1679 gravis
846 1635 999 1672 auctor,
1021 1628 1127 1678 quod
1147 1631 1348 1665 imitatum

165 1706 306 1743 parum
329 1696 405 1730 rite
429 1693 588 1730 Tullum
612 1693 828 1730 Hostilium
851 1696 975 1730 ictum
993 1692 1170 1729 fulmine.
1226 1691 1349 1729 lucos-

459 1804 472 1823 ²
499 1803 545 1834 Et
563 1813 651 1843 quae
671 1803 845 1843 Mayhoff:
878 1803 937 1834 sed
956 1803 1045 1843 quia.

462 1846 474 1864 ²
497 1846 688 1878 Rackham:
715 1846 860 1877 adversi.

632 1974 647 1989 ⁶
670 1970 730 2002 Le.
749 1970 807 2001 the
825 1971 884 2002 air.

162 2032 233 2079 276
