<?xml version="1.0" encoding="UTF-8"?>
<!DOCTYPE html PUBLIC "-//W3C//DTD XHTML 1.0 Transitional//EN"
    "http://www.w3.org/TR/xhtml1/DTD/xhtml1-transitional.dtd">
<html xmlns="http://www.w3.org/1999/xhtml" xml:lang="en" lang="en">
 <head>
  <title>
</title>
<meta http-equiv="Content-Type" content="text/html;charset=utf-8" />
  <meta name='ocr-system' content='tesseract 3.04.00' />
  <meta name='ocr-capabilities' content='ocr_page ocr_carea ocr_par ocr_line ocrx_word'/>
</head>
<body>
  <div class='ocr_page' id='page_1' title='image "./naturalhistory01plinuoft/naturalhistory01plinuoft_0380.png"; bbox 0 0 1471 2326; ppageno 0'>
   <div class='ocr_carea' id='block_1_1' title="bbox 94 822 158 853">
    <p class='ocr_par' dir='ltr' id='par_1_1' title="bbox 94 822 158 853">
     <span class='ocr_line' id='line_1_1' title="bbox 94 822 158 853; baseline 0 0"><span class='ocrx_word' id='word_1_1' title='bbox 94 822 158 853; x_wconf 71' lang='lat'>2:35</span> 
     </span>
    </p>
   </div>
   <div class='ocr_carea' id='block_1_2' title="bbox 175 1877 363 1882">
    <p class='ocr_par' dir='ltr' id='par_1_2' title="bbox 175 1877 363 1882">
     <span class='ocr_line' id='line_1_2' title="bbox 175 1877 363 1882; baseline 0 0"><span class='ocrx_word' id='word_1_2' title='bbox 175 1877 363 1882; x_wconf 95' lang='lat' dir='ltr'> </span> 
     </span>
    </p>
   </div>
   <div class='ocr_carea' id='block_1_3' title="bbox 377 101 1147 141">
    <p class='ocr_par' dir='ltr' id='par_1_3' title="bbox 377 101 1147 141">
     <span class='ocr_line' id='line_1_3' title="bbox 377 101 1147 141; baseline 0.003 -3"><span class='ocrx_word' id='word_1_3' title='bbox 377 101 544 140; x_wconf 85' lang='lat' dir='ltr'>PLINY</span> <span class='ocrx_word' id='word_1_4' title='bbox 557 115 567 139; x_wconf 73' lang='grc' dir='ltr'><strong>ι</strong></span> <span class='ocrx_word' id='word_1_5' title='bbox 616 102 879 140; x_wconf 89' lang='lat' dir='ltr'>NATURAL</span> <span class='ocrx_word' id='word_1_6' title='bbox 912 102 1147 141; x_wconf 89' lang='lat' dir='ltr'>HISTORY</span> 
     </span>
    </p>
   </div>
   <div class='ocr_carea' id='block_1_4' title="bbox 175 203 1351 315">
    <p class='ocr_par' dir='ltr' id='par_1_4' title="bbox 175 203 1351 315">
     <span class='ocr_line' id='line_1_4' title="bbox 175 203 1348 255; baseline 0.003 -16"><span class='ocrx_word' id='word_1_7' title='bbox 175 203 306 246; x_wconf 76' lang='lat' dir='ltr'>trahi:</span> <span class='ocrx_word' id='word_1_8' title='bbox 360 204 510 253; x_wconf 67' lang='lat' dir='ltr'>pluvias</span> <span class='ocrx_word' id='word_1_9' title='bbox 551 204 684 240; x_wconf 86' lang='lat' dir='ltr'>salinis</span> <span class='ocrx_word' id='word_1_10' title='bbox 725 217 846 253; x_wconf 89' lang='lat' dir='ltr'>aquas</span> <span class='ocrx_word' id='word_1_11' title='bbox 886 204 1064 241; x_wconf 78' lang='lat' dir='ltr'><strong>utiliores</strong></span> <span class='ocrx_word' id='word_1_12' title='bbox 1105 218 1191 242; x_wconf 84' lang='lat' dir='ltr'>esse</span> <span class='ocrx_word' id='word_1_13' title='bbox 1231 219 1348 255; x_wconf 92' lang='lat' dir='ltr'>quam</span> 
     </span>
     <span class='ocr_line' id='line_1_5' title="bbox 176 265 1351 315; baseline 0.002 -14"><span class='ocrx_word' id='word_1_14' title='bbox 176 266 362 315; x_wconf 78' lang='lat' dir='ltr'>reliquas,</span> <span class='ocrx_word' id='word_1_15' title='bbox 403 278 475 302; x_wconf 89' lang='lat' dir='ltr'>nec</span> <span class='ocrx_word' id='word_1_16' title='bbox 517 265 601 302; x_wconf 87' lang='lat' dir='ltr'>fieri</span> <span class='ocrx_word' id='word_1_17' title='bbox 643 265 766 301; x_wconf 88' lang='lat' dir='ltr'>salem</span> <span class='ocrx_word' id='word_1_18' title='bbox 809 268 881 302; x_wconf 87' lang='lat' dir='ltr'>nisi</span> <span class='ocrx_word' id='word_1_19' title='bbox 922 265 1108 303; x_wconf 78' lang='lat' dir='ltr'>admixtis</span> <span class='ocrx_word' id='word_1_20' title='bbox 1149 266 1351 311; x_wconf 91' lang='lat' dir='ltr'>dulcibus·,</span> 
     </span>
    </p>
   </div>
   <div class='ocr_carea' id='block_1_5' title="bbox 118 326 1352 376">
    <p class='ocr_par' dir='ltr' id='par_1_5' title="bbox 118 326 1352 376">
     <span class='ocr_line' id='line_1_6' title="bbox 118 326 1352 376; baseline 0.002 -14"><span class='ocrx_word' id='word_1_21' title='bbox 118 334 150 363; x_wconf 68' lang='lat'>32</span> <span class='ocrx_word' id='word_1_22' title='bbox 180 331 348 362; x_wconf 77' lang='lat' dir='ltr'>marinas</span> <span class='ocrx_word' id='word_1_23' title='bbox 366 327 515 363; x_wconf 78' lang='lat' dir='ltr'>tardius</span> <span class='ocrx_word' id='word_1_24' title='bbox 532 327 682 376; x_wconf 82' lang='lat' dir='ltr'>gelare,</span> <span class='ocrx_word' id='word_1_25' title='bbox 698 326 864 363; x_wconf 87' lang='lat' dir='ltr'>celerius</span> <span class='ocrx_word' id='word_1_26' title='bbox 881 327 1040 364; x_wconf 80' lang='lat' dir='ltr'>accendi</span> <span class='ocrx_word' id='word_1_27' title='bbox 1055 339 1064 370; x_wconf 86' lang='lat'><em>3</em></span> <span class='ocrx_word' id='word_1_28' title='bbox 1095 326 1226 364; x_wconf 88' lang='lat' dir='ltr'>hieme</span> <span class='ocrx_word' id='word_1_29' title='bbox 1241 341 1352 366; x_wconf 87' lang='lat' dir='ltr'>mare</span> 
     </span>
    </p>
   </div>
   <div class='ocr_carea' id='block_1_6' title="bbox 176 387 1356 1853">
    <p class='ocr_par' dir='ltr' id='par_1_6' title="bbox 176 387 1355 991">
     <span class='ocr_line' id='line_1_7' title="bbox 176 387 1353 439; baseline 0.001 -15"><span class='ocrx_word' id='word_1_30' title='bbox 176 388 336 424; x_wconf 76' lang='lat' dir='ltr'>calidius</span> <span class='ocrx_word' id='word_1_31' title='bbox 359 401 458 431; x_wconf 85' lang='lat' dir='ltr'>esse,</span> <span class='ocrx_word' id='word_1_32' title='bbox 478 387 707 424; x_wconf 88' lang='lat' dir='ltr'>autumnale</span> <span class='ocrx_word' id='word_1_33' title='bbox 727 388 886 431; x_wconf 83' lang='lat' dir='ltr'>salsius;</span> <span class='ocrx_word' id='word_1_34' title='bbox 917 402 1035 425; x_wconf 90' lang='lat' dir='ltr'>omne</span> <span class='ocrx_word' id='word_1_35' title='bbox 1054 388 1142 425; x_wconf 87' lang='lat' dir='ltr'>oleo</span> <span class='ocrx_word' id='word_1_36' title='bbox 1160 389 1353 439; x_wconf 88' lang='lat' dir='ltr'>tranquil-</span> 
     </span>
     <span class='ocr_line' id='line_1_8' title="bbox 176 448 1353 500; baseline 0.002 -15"><span class='ocrx_word' id='word_1_37' title='bbox 176 448 261 492; x_wconf 86' lang='lat' dir='ltr'>lari,</span> <span class='ocrx_word' id='word_1_38' title='bbox 283 456 322 486; x_wconf 89' lang='lat' dir='ltr'>et</span> <span class='ocrx_word' id='word_1_39' title='bbox 343 450 393 486; x_wconf 91' lang='lat' dir='ltr'>ob</span> <span class='ocrx_word' id='word_1_40' title='bbox 414 449 453 485; x_wconf 89' lang='lat' dir='ltr'>id</span> <span class='ocrx_word' id='word_1_41' title='bbox 473 452 675 485; x_wconf 85' lang='lat' dir='ltr'>urinantes</span> <span class='ocrx_word' id='word_1_42' title='bbox 697 462 765 485; x_wconf 93' lang='lat' dir='ltr'>ore</span> <span class='ocrx_word' id='word_1_43' title='bbox 780 462 968 499; x_wconf 88' lang='lat' dir='ltr'>spargere</span> <span class='ocrx_word' id='word_1_44' title='bbox 989 452 1174 499; x_wconf 91' lang='lat' dir='ltr'>quoniam</span> <span class='ocrx_word' id='word_1_45' title='bbox 1193 452 1353 500; x_wconf 81' lang='lat' dir='ltr'>mitiget</span> 
     </span>
     <span class='ocr_line' id='line_1_9' title="bbox 177 510 1352 560; baseline 0.002 -14"><span class='ocrx_word' id='word_1_46' title='bbox 177 517 361 547; x_wconf 78' lang='lat' dir='ltr'>naturam</span> <span class='ocrx_word' id='word_1_47' title='bbox 385 523 567 560; x_wconf 77' lang='lat' dir='ltr'>asperam</span> <span class='ocrx_word' id='word_1_48' title='bbox 590 510 799 560; x_wconf 89' lang='lat' dir='ltr'>lucemque</span> <span class='ocrx_word' id='word_1_49' title='bbox 822 510 1034 560; x_wconf 87' lang='lat' dir='ltr'>deportet;</span> <span class='ocrx_word' id='word_1_50' title='bbox 1073 514 1182 548; x_wconf 89' lang='lat' dir='ltr'>nives</span> <span class='ocrx_word' id='word_1_51' title='bbox 1206 514 1246 547; x_wconf 88' lang='lat' dir='ltr'>in</span> <span class='ocrx_word' id='word_1_52' title='bbox 1269 511 1352 549; x_wconf 88' lang='lat' dir='ltr'>alto</span> 
     </span>
     <span class='ocr_line' id='line_1_10' title="bbox 176 571 1354 622; baseline 0.001 -14"><span class='ocrx_word' id='word_1_53' title='bbox 176 575 275 608; x_wconf 89' lang='lat' dir='ltr'>mari</span> <span class='ocrx_word' id='word_1_54' title='bbox 299 585 377 608; x_wconf 91' lang='lat' dir='ltr'>non</span> <span class='ocrx_word' id='word_1_55' title='bbox 397 572 563 615; x_wconf 89' lang='lat' dir='ltr'>cadere;</span> <span class='ocrx_word' id='word_1_56' title='bbox 597 585 687 608; x_wconf 90' lang='lat' dir='ltr'>cum</span> <span class='ocrx_word' id='word_1_57' title='bbox 707 574 832 608; x_wconf 89' lang='lat' dir='ltr'>omnis</span> <span class='ocrx_word' id='word_1_58' title='bbox 857 585 959 622; x_wconf 85' lang='lat' dir='ltr'>aqua</span> <span class='ocrx_word' id='word_1_59' title='bbox 983 571 1168 609; x_wconf 89' lang='lat' dir='ltr'>deorsum</span> <span class='ocrx_word' id='word_1_60' title='bbox 1187 572 1354 617; x_wconf 87' lang='lat' dir='ltr'>feratur,</span> 
     </span>
     <span class='ocr_line' id='line_1_11' title="bbox 179 633 1353 683; baseline 0.002 -14"><span class='ocrx_word' id='word_1_61' title='bbox 179 633 319 670; x_wconf 81' lang='lat' dir='ltr'>exilire</span> <span class='ocrx_word' id='word_1_62' title='bbox 358 635 504 677; x_wconf 82' lang='lat' dir='ltr'>fontes,</span> <span class='ocrx_word' id='word_1_63' title='bbox 543 639 665 683; x_wconf 89' lang='lat' dir='ltr'>atque</span> <span class='ocrx_word' id='word_1_64' title='bbox 705 635 828 670; x_wconf 90' lang='lat' dir='ltr'>etiam</span> <span class='ocrx_word' id='word_1_65' title='bbox 866 635 907 669; x_wconf 90' lang='lat' dir='ltr'>in</span> <span class='ocrx_word' id='word_1_66' title='bbox 944 633 1103 670; x_wconf 78' lang='lat' dir='ltr'>Aetnae</span> <span class='ocrx_word' id='word_1_67' title='bbox 1142 633 1353 678; x_wconf 86' lang='lat' dir='ltr'>radicibus,</span> 
     </span>
     <span class='ocr_line' id='line_1_12' title="bbox 177 694 1352 745; baseline 0.002 -15"><span class='ocrx_word' id='word_1_68' title='bbox 177 694 382 744; x_wconf 85' lang='lat' dir='ltr'>flagrantis</span> <span class='ocrx_word' id='word_1_69' title='bbox 409 698 446 731; x_wconf 91' lang='lat' dir='ltr'>in</span> <span class='ocrx_word' id='word_1_70' title='bbox 473 700 632 731; x_wconf 83' lang='lat' dir='ltr'>tantum</span> <span class='ocrx_word' id='word_1_71' title='bbox 659 700 703 731; x_wconf 89' lang='lat' dir='ltr'>ut</span> <span class='ocrx_word' id='word_1_72' title='bbox 730 697 1024 745; x_wconf 87' lang='lat' dir='ltr'>quinquagena,</span> <span class='ocrx_word' id='word_1_73' title='bbox 1049 701 1220 731; x_wconf 87' lang='lat' dir='ltr'>centena</span> <span class='ocrx_word' id='word_1_74' title='bbox 1243 695 1352 732; x_wconf 89' lang='lat' dir='ltr'>milia</span> 
     </span>
     <span class='ocr_line' id='line_1_13' title="bbox 178 755 1352 806; baseline 0.001 -14"><span class='ocrx_word' id='word_1_75' title='bbox 178 769 364 805; x_wconf 63' lang='lat' dir='ltr'>passuum</span> <span class='ocrx_word' id='word_1_76' title='bbox 389 755 557 792; x_wconf 89' lang='lat' dir='ltr'>harenas</span> <span class='ocrx_word' id='word_1_77' title='bbox 584 755 833 792; x_wconf 84' lang='lat' dir='ltr'>flammarum</span> <span class='ocrx_word' id='word_1_78' title='bbox 858 756 978 806; x_wconf 85' lang='lat' dir='ltr'>globo</span> <span class='ocrx_word' id='word_1_79' title='bbox 1005 762 1174 793; x_wconf 89' lang='lat' dir='ltr'>eructet.</span> <span class='ocrx_word' id='word_1_80' title='bbox 1228 756 1352 794; x_wconf 90' lang='lat' dir='ltr'><strong>CVII.</strong></span> 
     </span>
     <span class='ocr_line' id='line_1_14' title="bbox 183 817 1355 868; baseline 0.001 -15"><span class='ocrx_word' id='word_1_81' title='bbox 183 817 383 867; x_wconf 76' lang='lat' dir='ltr'>(Namque</span> <span class='ocrx_word' id='word_1_82' title='bbox 411 824 450 854; x_wconf 81' lang='lat' dir='ltr'>et</span> <span class='ocrx_word' id='word_1_83' title='bbox 477 820 641 867; x_wconf 81' lang='lat' dir='ltr'>ignium,</span> <span class='ocrx_word' id='word_1_84' title='bbox 663 817 769 867; x_wconf 91' lang='lat' dir='ltr'>quod</span> <span class='ocrx_word' id='word_1_85' title='bbox 794 823 856 854; x_wconf 83' lang='lat' dir='ltr'>est</span> <span class='ocrx_word' id='word_1_86' title='bbox 875 823 1043 854; x_wconf 86' lang='lat' dir='ltr'>naturae</span> <span class='ocrx_word' id='word_1_87' title='bbox 1064 823 1251 868; x_wconf 85' lang='lat' dir='ltr'>quartum</span> <span class='ocrx_word' id='word_1_88' title='bbox 1275 817 1355 855; x_wconf 88' lang='lat' dir='ltr'>ele-</span> 
     </span>
     <span class='ocr_line' id='line_1_15' title="bbox 179 878 1353 929; baseline 0.001 -14"><span class='ocrx_word' id='word_1_89' title='bbox 179 885 375 923; x_wconf 82' lang='lat' dir='ltr'>mentum,</span> <span class='ocrx_word' id='word_1_90' title='bbox 411 879 623 916; x_wconf 85' lang='lat' dir='ltr'>reddamus</span> <span class='ocrx_word' id='word_1_91' title='bbox 663 878 795 928; x_wconf 91' lang='lat' dir='ltr'>aliqua</span> <span class='ocrx_word' id='word_1_92' title='bbox 831 878 1036 923; x_wconf 88' lang='lat' dir='ltr'>miracula,</span> <span class='ocrx_word' id='word_1_93' title='bbox 1072 878 1144 916; x_wconf 90' lang='lat' dir='ltr'>sed</span> <span class='ocrx_word' id='word_1_94' title='bbox 1181 882 1353 929; x_wconf 89' lang='lat' dir='ltr'>primum</span> 
     </span>
     <span class='ocr_line' id='line_1_16' title="bbox 178 941 388 991; baseline 0.005 -14"><span class='ocrx_word' id='word_1_95' title='bbox 178 953 228 977; x_wconf 87' lang='lat' dir='ltr'>ex</span> <span class='ocrx_word' id='word_1_96' title='bbox 247 941 388 991; x_wconf 86' lang='lat' dir='ltr'>aquis.)</span> 
     </span>
    </p>

    <p class='ocr_par' dir='ltr' id='par_1_7' title="bbox 177 1000 1355 1420">
     <span class='ocr_line' id='line_1_17' title="bbox 232 1000 1353 1052; baseline 0.002 -15"><span class='ocrx_word' id='word_1_97' title='bbox 232 1001 376 1039; x_wconf 71' lang='lat' dir='ltr'>CVIII.</span> <span class='ocrx_word' id='word_1_98' title='bbox 432 1002 480 1038; x_wconf 93' lang='lat' dir='ltr'>In</span> <span class='ocrx_word' id='word_1_99' title='bbox 502 1002 600 1039; x_wconf 92' lang='lat' dir='ltr'>urbe</span> <span class='ocrx_word' id='word_1_100' title='bbox 625 1001 914 1052; x_wconf 90' lang='lat' dir='ltr'>Commagenes</span> <span class='ocrx_word' id='word_1_101' title='bbox 938 1000 1145 1038; x_wconf 76' lang='lat' dir='ltr'>Samosata</span> <span class='ocrx_word' id='word_1_102' title='bbox 1167 1007 1353 1052; x_wconf 81' lang='lat' dir='ltr'>stagnum</span> 
     </span>
     <span class='ocr_line' id='line_1_18' title="bbox 180 1062 1354 1113; baseline -0.001 -13"><span class='ocrx_word' id='word_1_103' title='bbox 180 1069 243 1100; x_wconf 90' lang='lat' dir='ltr'>est</span> <span class='ocrx_word' id='word_1_104' title='bbox 280 1067 467 1100; x_wconf 83' lang='lat' dir='ltr'>emittens</span> <span class='ocrx_word' id='word_1_105' title='bbox 503 1063 641 1100; x_wconf 88' lang='lat' dir='ltr'>limum</span> <span class='ocrx_word' id='word_1_106' title='bbox 677 1062 887 1113; x_wconf 89' lang='lat' dir='ltr'>(maltham</span> <span class='ocrx_word' id='word_1_107' title='bbox 923 1064 1080 1113; x_wconf 87' lang='lat' dir='ltr'>vocant)</span> <span class='ocrx_word' id='word_1_108' title='bbox 1117 1063 1354 1113; x_wconf 86' lang='lat' dir='ltr'>flagrantem</span> 
     </span>
     <span class='ocr_line' id='line_1_19' title="bbox 177 1124 1354 1175; baseline 0.002 -15"><span class='ocrx_word' id='word_1_109' title='bbox 177 1137 267 1161; x_wconf 88' lang='lat' dir='ltr'>cum</span> <span class='ocrx_word' id='word_1_110' title='bbox 295 1125 389 1174; x_wconf 91' lang='lat' dir='ltr'>quid</span> <span class='ocrx_word' id='word_1_111' title='bbox 414 1128 550 1175; x_wconf 85' lang='lat' dir='ltr'>attigit</span> <span class='ocrx_word' id='word_1_112' title='bbox 575 1125 704 1169; x_wconf 81' lang='lat' dir='ltr'>solidi,</span> <span class='ocrx_word' id='word_1_113' title='bbox 729 1124 945 1168; x_wconf 87' lang='lat' dir='ltr'>adhaeret;</span> <span class='ocrx_word' id='word_1_114' title='bbox 985 1130 1198 1174; x_wconf 88' lang='lat' dir='ltr'>praeterea</span> <span class='ocrx_word' id='word_1_115' title='bbox 1222 1130 1354 1162; x_wconf 86' lang='lat' dir='ltr'>tactus</span> 
     </span>
     <span class='ocr_line' id='line_1_20' title="bbox 180 1185 1355 1236; baseline -0.001 -13"><span class='ocrx_word' id='word_1_116' title='bbox 180 1192 221 1223; x_wconf 85' lang='lat' dir='ltr'>et</span> <span class='ocrx_word' id='word_1_117' title='bbox 248 1190 427 1236; x_wconf 84' lang='lat' dir='ltr'>sequitur</span> <span class='ocrx_word' id='word_1_118' title='bbox 452 1186 665 1236; x_wconf 87' lang='lat' dir='ltr'>fugientes.</span> <span class='ocrx_word' id='word_1_119' title='bbox 719 1189 774 1223; x_wconf 87' lang='lat' dir='ltr'>sic</span> <span class='ocrx_word' id='word_1_120' title='bbox 799 1185 1019 1223; x_wconf 88' lang='lat' dir='ltr'>defendere</span> <span class='ocrx_word' id='word_1_121' title='bbox 1044 1199 1177 1223; x_wconf 89' lang='lat' dir='ltr'>muros</span> <span class='ocrx_word' id='word_1_122' title='bbox 1203 1199 1355 1236; x_wconf 88' lang='lat' dir='ltr'>oppug-</span> 
     </span>
     <span class='ocr_line' id='line_1_21' title="bbox 178 1247 1354 1298; baseline 0.001 -15"><span class='ocrx_word' id='word_1_123' title='bbox 178 1254 301 1284; x_wconf 83' lang='lat' dir='ltr'>nante</span> <span class='ocrx_word' id='word_1_124' title='bbox 332 1248 509 1291; x_wconf 89' lang='lat' dir='ltr'>Lucullo,</span> <span class='ocrx_word' id='word_1_125' title='bbox 534 1248 810 1298; x_wconf 84' lang='lat' dir='ltr'>flagrabatque</span> <span class='ocrx_word' id='word_1_126' title='bbox 829 1247 940 1284; x_wconf 90' lang='lat' dir='ltr'>miles</span> <span class='ocrx_word' id='word_1_127' title='bbox 964 1250 1080 1284; x_wconf 82' lang='lat' dir='ltr'>armis</span> <span class='ocrx_word' id='word_1_128' title='bbox 1107 1250 1198 1285; x_wconf 89' lang='lat' dir='ltr'>suis.</span> <span class='ocrx_word' id='word_1_129' title='bbox 1243 1250 1354 1298; x_wconf 88' lang='lat' dir='ltr'>aquis</span> 
     </span>
     <span class='ocr_line' id='line_1_22' title="bbox 181 1309 1355 1360; baseline 0.001 -15"><span class='ocrx_word' id='word_1_130' title='bbox 181 1312 303 1346; x_wconf 87' lang='lat' dir='ltr'>etiam</span> <span class='ocrx_word' id='word_1_131' title='bbox 337 1310 587 1353; x_wconf 84' lang='lat' dir='ltr'>accenditur3</span> <span class='ocrx_word' id='word_1_132' title='bbox 630 1315 740 1346; x_wconf 87' lang='lat' dir='ltr'>terra</span> <span class='ocrx_word' id='word_1_133' title='bbox 772 1315 930 1346; x_wconf 88' lang='lat' dir='ltr'>tantum</span> <span class='ocrx_word' id='word_1_134' title='bbox 963 1311 1156 1360; x_wconf 88' lang='lat' dir='ltr'>restingui</span> <span class='ocrx_word' id='word_1_135' title='bbox 1184 1309 1355 1346; x_wconf 90' lang='lat' dir='ltr'>docuere</span> 
     </span>
     <span class='ocr_line' id='line_1_23' title="bbox 180 1374 467 1420; baseline 0.007 -14"><span class='ocrx_word' id='word_1_136' title='bbox 180 1374 467 1420; x_wconf 76' lang='lat' dir='ltr'>experimenta.</span> 
     </span>
    </p>

    <p class='ocr_par' dir='ltr' id='par_1_8' title="bbox 179 1431 1356 1853">
     <span class='ocr_line' id='line_1_24' title="bbox 232 1431 1355 1482; baseline 0 -14"><span class='ocrx_word' id='word_1_137' title='bbox 232 1432 335 1469; x_wconf 88' lang='lat' dir='ltr'>CIX.</span> <span class='ocrx_word' id='word_1_138' title='bbox 390 1433 533 1470; x_wconf 86' lang='lat' dir='ltr'>Similis</span> <span class='ocrx_word' id='word_1_139' title='bbox 554 1438 615 1470; x_wconf 88' lang='lat' dir='ltr'>est</span> <span class='ocrx_word' id='word_1_140' title='bbox 633 1438 776 1469; x_wconf 86' lang='lat' dir='ltr'>natura</span> <span class='ocrx_word' id='word_1_141' title='bbox 794 1431 1020 1482; x_wconf 86' lang='lat' dir='ltr'>naphthae:</span> <span class='ocrx_word' id='word_1_142' title='bbox 1053 1434 1111 1469; x_wconf 90' lang='lat' dir='ltr'>ita</span> <span class='ocrx_word' id='word_1_143' title='bbox 1129 1432 1355 1481; x_wconf 72' lang='lat' dir='ltr'>appellatur</span> 
     </span>
     <span class='ocr_line' id='line_1_25' title="bbox 180 1492 1354 1545; baseline 0 -15"><span class='ocrx_word' id='word_1_144' title='bbox 180 1497 284 1530; x_wconf 91' lang='lat' dir='ltr'>circa</span> <span class='ocrx_word' id='word_1_145' title='bbox 310 1495 555 1545; x_wconf 73' lang='lat' dir='ltr'>Babylonem</span> <span class='ocrx_word' id='word_1_146' title='bbox 581 1500 623 1532; x_wconf 87' lang='lat' dir='ltr'>et</span> <span class='ocrx_word' id='word_1_147' title='bbox 646 1497 687 1531; x_wconf 91' lang='lat' dir='ltr'>in</span> <span class='ocrx_word' id='word_1_148' title='bbox 711 1495 918 1530; x_wconf 85' lang='lat' dir='ltr'>Astacenis</span> <span class='ocrx_word' id='word_1_149' title='bbox 944 1492 1131 1530; x_wconf 84' lang='lat' dir='ltr'>Parthiae</span> <span class='ocrx_word' id='word_1_150' title='bbox 1155 1493 1354 1543; x_wconf 85' lang='lat' dir='ltr'>profluens</span> 
     </span>
     <span class='ocr_line' id='line_1_26' title="bbox 180 1555 1355 1606; baseline 0 -15"><span class='ocrx_word' id='word_1_151' title='bbox 180 1555 384 1593; x_wconf 79' lang='lat' dir='ltr'>bituminis</span> <span class='ocrx_word' id='word_1_152' title='bbox 451 1556 586 1606; x_wconf 84' lang='lat' dir='ltr'>liquidi</span> <span class='ocrx_word' id='word_1_153' title='bbox 646 1556 777 1592; x_wconf 88' lang='lat' dir='ltr'>modo.</span> <span class='ocrx_word' id='word_1_154' title='bbox 850 1555 913 1592; x_wconf 90' lang='lat' dir='ltr'>hic</span> <span class='ocrx_word' id='word_1_155' title='bbox 966 1568 1112 1606; x_wconf 90' lang='lat' dir='ltr'>magna</span> <span class='ocrx_word' id='word_1_156' title='bbox 1171 1557 1355 1605; x_wconf 83' lang='lat' dir='ltr'>cognatio</span> 
     </span>
     <span class='ocr_line' id='line_1_27' title="bbox 182 1616 1355 1667; baseline 0 -15"><span class='ocrx_word' id='word_1_157' title='bbox 182 1619 347 1666; x_wconf 80' lang='lat' dir='ltr'>ignium,</span> <span class='ocrx_word' id='word_1_158' title='bbox 369 1618 677 1667; x_wconf 83' lang='lat' dir='ltr'>transiliuntque</span> <span class='ocrx_word' id='word_1_159' title='bbox 700 1620 740 1654; x_wconf 92' lang='lat' dir='ltr'>in</span> <span class='ocrx_word' id='word_1_160' title='bbox 764 1630 851 1654; x_wconf 92' lang='lat' dir='ltr'>eam</span> <span class='ocrx_word' id='word_1_161' title='bbox 874 1619 1053 1667; x_wconf 84' lang='lat' dir='ltr'>protinus</span> <span class='ocrx_word' id='word_1_162' title='bbox 1077 1616 1355 1666; x_wconf 88' lang='lat' dir='ltr'>undecumque</span> 
     </span>
     <span class='ocr_line' id='line_1_28' title="bbox 183 1678 1356 1728; baseline 0 -14"><span class='ocrx_word' id='word_1_163' title='bbox 183 1681 317 1716; x_wconf 77' lang='lat' dir='ltr'>visam.</span> <span class='ocrx_word' id='word_1_164' title='bbox 372 1683 428 1717; x_wconf 85' lang='lat' dir='ltr'>ita</span> <span class='ocrx_word' id='word_1_165' title='bbox 467 1679 596 1716; x_wconf 89' lang='lat' dir='ltr'>fertur</span> <span class='ocrx_word' id='word_1_166' title='bbox 636 1692 659 1715; x_wconf 91' lang='lat' dir='ltr'>a</span> <span class='ocrx_word' id='word_1_167' title='bbox 701 1679 850 1716; x_wconf 89' lang='lat' dir='ltr'>Medea</span> <span class='ocrx_word' id='word_1_168' title='bbox 889 1678 1083 1728; x_wconf 88' lang='lat' dir='ltr'>paelicem</span> <span class='ocrx_word' id='word_1_169' title='bbox 1123 1683 1356 1721; x_wconf 84' lang='lat' dir='ltr'>crematam,</span> 
     </span>
     <span class='ocr_line' id='line_1_29' title="bbox 180 1740 1356 1790; baseline -0.001 -14"><span class='ocrx_word' id='word_1_170' title='bbox 180 1747 393 1790; x_wconf 79' lang='lat' dir='ltr'>postquam</span> <span class='ocrx_word' id='word_1_171' title='bbox 430 1741 697 1778; x_wconf 87' lang='lat' dir='ltr'>sacrificatura</span> <span class='ocrx_word' id='word_1_172' title='bbox 732 1740 783 1777; x_wconf 91' lang='lat' dir='ltr'>ad</span> <span class='ocrx_word' id='word_1_173' title='bbox 818 1753 904 1777; x_wconf 84' lang='lat' dir='ltr'>aras</span> <span class='ocrx_word' id='word_1_174' title='bbox 941 1745 1176 1783; x_wconf 86' lang='lat' dir='ltr'>accesserat,</span> <span class='ocrx_word' id='word_1_175' title='bbox 1210 1752 1356 1776; x_wconf 87' lang='lat' dir='ltr'>corona.</span> 
     </span>
     <span class='ocr_line' id='line_1_30' title="bbox 179 1803 414 1853; baseline 0.013 -16"><span class='ocrx_word' id='word_1_176' title='bbox 179 1803 270 1851; x_wconf 87' lang='lat' dir='ltr'>igne</span> <span class='ocrx_word' id='word_1_177' title='bbox 288 1810 414 1853; x_wconf 84' lang='lat' dir='ltr'>rapto.</span> 
     </span>
    </p>
   </div>
   <div class='ocr_carea' id='block_1_7' title="bbox 1217 1874 1353 1881">
    <p class='ocr_par' dir='ltr' id='par_1_9' title="bbox 1217 1874 1353 1881">
     <span class='ocr_line' id='line_1_31' title="bbox 1217 1874 1353 1881; baseline 0 -1"><span class='ocrx_word' id='word_1_178' title='bbox 1217 1874 1353 1881; x_wconf 81' lang='lat'>———</span> 
     </span>
    </p>
   </div>
   <div class='ocr_carea' id='block_1_8' title="bbox 425 1914 1108 1995">
    <p class='ocr_par' dir='ltr' id='par_1_10' title="bbox 425 1914 1108 1995">
     <span class='ocr_line' id='line_1_32' title="bbox 428 1914 1108 1955; baseline -0.003 -7"><span class='ocrx_word' id='word_1_179' title='bbox 428 1921 443 1936; x_wconf 74' lang='lat'><strong><em>⁶</em></strong></span> <span class='ocrx_word' id='word_1_180' title='bbox 467 1916 519 1948; x_wconf 93' lang='lat' dir='ltr'>On</span> <span class='ocrx_word' id='word_1_181' title='bbox 534 1916 592 1947; x_wconf 83' lang='lat' dir='ltr'>the</span> <span class='ocrx_word' id='word_1_182' title='bbox 606 1917 659 1947; x_wconf 78' lang='lat' dir='ltr'>W.</span> <span class='ocrx_word' id='word_1_183' title='bbox 675 1914 766 1946; x_wconf 76' lang='lat' dir='ltr'>bank</span> <span class='ocrx_word' id='word_1_184' title='bbox 782 1915 820 1946; x_wconf 89' lang='lat' dir='ltr'>of</span> <span class='ocrx_word' id='word_1_185' title='bbox 831 1915 889 1946; x_wconf 84' lang='lat' dir='ltr'>the</span> <span class='ocrx_word' id='word_1_186' title='bbox 904 1915 1108 1955; x_wconf 71' lang='lat' dir='ltr'>Euphrates.</span> 
     </span>
     <span class='ocr_line' id='line_1_33' title="bbox 425 1957 1070 1995; baseline -0.006 -3"><span class='ocrx_word' id='word_1_187' title='bbox 425 1958 437 1979; x_wconf 55' lang='grc' dir='ltr'><em>ὂ</em></span> <span class='ocrx_word' id='word_1_188' title='bbox 461 1959 501 1993; x_wconf 87' lang='lat' dir='ltr'>In</span> <span class='ocrx_word' id='word_1_189' title='bbox 518 1959 576 1990; x_wconf 81' lang='lat' dir='ltr'>the</span> <span class='ocrx_word' id='word_1_190' title='bbox 593 1958 817 1990; x_wconf 78' lang='lat' dir='ltr'>Mithradatic</span> <span class='ocrx_word' id='word_1_191' title='bbox 834 1957 926 1995; x_wconf 82' lang='lat' dir='ltr'>War,</span> <span class='ocrx_word' id='word_1_192' title='bbox 945 1960 986 1989; x_wconf 79' lang='lat'>74</span> <span class='ocrx_word' id='word_1_193' title='bbox 1004 1966 1070 1989; x_wconf 84' lang='lat' dir='ltr'><strong>B.c.</strong></span> 
     </span>
    </p>
   </div>
   <div class='ocr_carea' id='block_1_9' title="bbox 177 2025 249 2071">
    <p class='ocr_par' dir='ltr' id='par_1_11' title="bbox 177 2025 249 2071">
     <span class='ocr_line' id='line_1_34' title="bbox 177 2025 249 2071; baseline 0 -13"><span class='ocrx_word' id='word_1_194' title='bbox 177 2025 249 2071; x_wconf 80' lang='lat'>360</span> 
     </span>
    </p>
   </div>
  </div>
 </body>
</html>
