1471 2326
98 228 139 259 37

99 597 141 628 38

101 966 144 997 39

101 1336 144 1366 40

101 1547 141 1577 41

369 119 536 157 PLINY
549 132 558 157 ε
608 119 871 157 NATURAL
905 118 1142 157 HISTORY

166 222 283 258 lunae
324 221 509 258 reddens.
579 234 699 270 quam
740 227 925 257 naturam
967 223 1050 257 eius
1094 219 1340 270 Pythagoras

165 275 317 311 Samius
371 277 520 323 primus
574 273 840 323 deprehendit
893 273 1132 323 Olympiade
1184 276 1342 310 circiter

164 327 296 370 XLII,
335 330 399 376 qui
437 327 512 363 fuit
550 327 658 363 urbis
695 327 846 363 Romae
883 339 1008 362 annus
1046 326 1208 362 CXLII.
1263 329 1341 362 iarn

165 380 441 430 magnitudine
470 385 587 416 extra
613 385 758 416 cuncta
787 379 863 415 alia
889 379 1022 415 sidera
1050 385 1125 422 est,
1152 378 1344 415 claritatis

167 433 328 482 quidem
352 439 492 469 tantae
516 438 562 469 ut
587 435 701 468 unius
726 431 841 468 huius
866 431 1010 468 stellae
1033 431 1152 468 radiis
1177 431 1344 467 umbrae

166 486 396 522 reddantur.
450 488 587 534 itaque
622 491 664 522 et
697 488 738 521 in
770 497 917 534 magno
950 487 1155 521 nominum
1189 484 1344 520 ambitu

167 545 250 575 est:
289 539 354 574 alii
379 541 485 574 enim
511 538 686 581 Iunonis,
709 538 774 574 alii
800 537 928 581 Isidis,
951 537 1016 573 alii
1042 537 1187 573 Matris
1212 537 1344 573 Deum

169 591 434 640 appellavere.
488 590 601 627 huius
646 596 789 627 natura
831 596 975 627 cuncta
1017 595 1263 640 generantur
1306 591 1344 625 in

166 647 307 686 terris;
357 657 530 693 namque
566 647 606 679 in
643 643 839 680 alterutro
876 648 1020 679 exortu
1057 642 1221 692 genitali
1257 655 1346 678 rore

165 710 431 746 conspergens
486 710 563 732 non
614 702 748 733 terrae
790 696 907 732 modo
949 701 1162 744 conceptus
1206 694 1347 743 inplet,

167 763 305 786 verum
328 752 589 785 animantium
613 762 771 798 quoque
792 752 970 785 omnium
990 748 1184 784 stimulat.
1227 750 1346 797 signi-

166 802 241 839 feri
284 808 420 839 autem
462 803 657 838 ambitum
698 805 857 851 peragit
898 803 1071 837 trecenis
1115 806 1157 837 et
1198 800 1346 837 duode-

168 858 457 905 quinquagenis
500 855 655 898 diebus‚
697 868 720 890 a
761 855 844 890 sole
888 867 1105 903 numquam
1148 854 1345 889 absistens

167 909 347 957 partibus
374 921 445 944 sex
472 914 594 957 atque
622 907 889 956 quadraginta
915 907 1084 956 longius,
1111 912 1155 943 ut
1182 906 1346 942 Timaeo

169 961 314 1010 placet.
367 960 485 997 simili
507 963 675 1003 ratione,
698 960 769 996 sed
792 973 1045 1009 nequaquam
1068 959 1345 1008 magnitudine

169 1020 238 1049 aut
255 1016 306 1056 vi,
323 1016 548 1062 proximum
564 1013 621 1049 illi
643 1013 834 1049 Mercurii
850 1013 970 1055 sidus,
988 1025 1011 1048 a
1028 1012 1262 1061 quibusdam
1281 1024 1348 1061 ap-

167 1066 362 1116 pellatum
398 1066 607 1115 Apollinis,
641 1065 829 1102 inferiore
863 1065 1009 1102 circulo
1044 1064 1172 1101 fertur
1207 1077 1348 1101 novem

168 1119 307 1156 diebus
327 1122 458 1156 ociore
477 1119 644 1161 ambitu,
662 1118 780 1155 modo
800 1124 893 1154 ante
912 1118 1004 1154 solis
1025 1123 1211 1154 exortum
1230 1117 1348 1153 modo

170 1178 262 1221 post
298 1185 481 1208 occasum
517 1171 745 1221 splendens,
775 1184 993 1220 numquam
1029 1171 1079 1206 ab
1117 1183 1165 1207 eo
1201 1168 1348 1206 XXII1

169 1225 348 1274 partibus
375 1228 580 1268 remotior,
608 1230 653 1261 ut
682 1224 850 1260 Cidenas
880 1230 922 1260 et
949 1223 1160 1273 Sosigenes
1189 1223 1346 1260 docent.

169 1277 258 1314 ideo
291 1283 333 1314 et
365 1278 575 1326 peculiaris
607 1277 750 1313 horum
781 1277 957 1313 siderum
989 1279 1092 1313 ratio
1125 1282 1186 1313 est
1219 1289 1349 1325 neque

170 1333 387 1366 communis
407 1344 497 1367 cum
516 1343 636 1379 supra
655 1330 792 1372 dictis;
826 1343 918 1365 nam
939 1342 987 1365 ea
1007 1335 1049 1366 et
1069 1334 1213 1378 quarta
1233 1334 1349 1378 parte

168 1383 269 1420 caeli
296 1396 320 1419 a
346 1383 429 1420 sole
459 1384 598 1419 abesse
628 1389 670 1419 et
697 1385 835 1426 tertia,
864 1388 906 1419 et
934 1382 1102 1418 adversa
1129 1381 1202 1418 soli
1230 1394 1349 1430 saepe

168 1442 401 1479 cernuntur,
432 1439 683 1484 maioresque
717 1435 814 1471 alios
847 1434 998 1472 habent
1031 1441 1175 1471 cuncta
1206 1434 1350 1483 plenae

169 1492 432 1525 conversionis
454 1489 625 1525 ambitus
648 1492 688 1524 in
707 1491 841 1538 magni
862 1491 954 1524 anni
973 1491 1127 1524 ratione
1148 1487 1349 1525 dicendos.

221 1541 300 1578 Sed
346 1544 523 1578 omnium
570 1542 878 1578 admirationem
925 1543 1046 1577 vincit
1094 1543 1350 1576 novissimum

167 1594 288 1638 sidus,
338 1598 456 1632 terris
508 1594 859 1630 familiarissimum
910 1599 952 1630 et
1002 1596 1043 1629 in
1092 1593 1350 1630 tenebrarum

450 1679 463 1699 ²
486 1679 615 1710 XXIII
632 1679 834 1710 Hermolaus
851 1678 1032 1710 Barbarus.

218 1807 233 1822 ⁰
256 1804 405 1834 612-609
424 1811 488 1834 Rc.

220 1845 233 1864 ¹³
257 1848 318 1877 753
338 1854 402 1877 13.c.

218 1893 229 1907 ⁶
249 1899 410 1928 maynum
425 1898 555 1919 annum
579 1912 586 1920 .
612 1912 620 1919 .
647 1912 654 1919 .
679 1888 809 1927 quitum
823 1885 963 1927 efficitur
976 1897 1051 1918 cum
1066 1886 1147 1918 solie
1162 1890 1192 1918 et
1207 1886 1306 1917 lunae
1322 1891 1351 1917 et

174 1932 317 1970 quinque
334 1932 520 1962 errantium
535 1930 578 1961 ad
592 1931 729 1961 eandem
752 1931 836 1961 inter
852 1941 884 1961 se
902 1931 1181 1970 comparationem
1198 1927 1352 1969 confectis

174 1974 326 2004 omnium
351 1974 474 2014 spatiis
500 1977 546 2005 est
567 1971 661 2013 facta
687 1974 865 2010 conversio,
893 1971 960 2005 Cic.
986 1972 1021 2004 N
1025 1972 1079 2005 .D.
1107 1971 1155 2003 11.
1183 1972 1235 2003 51.
1281 1971 1352 2003 The

175 2044 243 2080 19²
