1471 2326
101 556 163 587 115

101 1451 163 1482 116

360 129 527 168 PLINY
541 144 550 168 ε
600 132 863 169 NATURAL
898 132 1135 170 HISTORY

188 245 308 282 quam
332 232 472 269 fluctus
496 235 612 277 aeris,
634 233 892 283 pluribusque
917 236 1039 270 etiam
1061 234 1199 272 modis.
1254 248 1361 272 nam-

188 309 266 345 que
289 302 330 333 et
353 309 374 333 e
396 296 620 333 fluminibus
643 310 688 333 ac
703 298 864 333 sinubus
888 303 929 334 et
952 311 973 334 e
994 301 1092 334 mari
1107 298 1298 343 videmus,
1320 304 1362 336 et

187 359 348 409 quidem
379 360 610 410 tranquillo,
643 366 684 397 et
717 361 812 397 alios
847 374 943 410 quos
977 368 1119 398 vocant
1152 362 1305 399 altanos
1339 375 1361 400 e

185 429 295 460 terra
349 437 611 474 consurgere3
682 427 747 473 qui
801 438 891 460 cum
947 438 969 461 e
1023 428 1122 462 mari
1176 425 1363 470 redeunt,

185 490 340 536 tropaei
360 494 566 531 vocantur,
585 490 617 524 si
638 494 826 538 pergunt,
847 491 1001 538 apogei.

239 551 440 588 Montium
468 565 563 588 vero
592 551 716 588 flexus
747 552 958 602 crebrique
991 555 1160 590 vertices
1199 558 1241 590 et
1271 566 1362 590 con-

186 614 290 651 flexa
307 615 441 652 cubito
459 621 529 652 aut
546 615 750 652 confracta
766 618 807 652 in
824 629 982 653 umeros
1000 619 1093 666 iuga
1111 630 1155 653 ac
1170 616 1185 639 ¹
1203 619 1361 653 concavi

187 679 347 715 vallium
369 682 490 722 sinus,
511 679 738 716 scindentes
761 680 1048 729 inaequalitate
1064 680 1154 717 ideo
1168 681 1362 716 resultan-

184 748 270 779 tem
302 756 396 779 aera
427 743 546 792 (quae
578 756 697 779 causa
729 746 851 780 etiam
883 757 998 780 voces
1030 744 1165 780 multis
1197 747 1238 780 in
1268 744 1363 780 locis

184 809 404 855 reciprocas
446 806 541 843 facit
583 810 667 843 sine
710 807 803 857 fine)
842 813 981 844 ventos
1021 813 1229 857 generant.
1283 810 1363 844 iam

185 870 346 920 quidam
384 876 426 907 et
462 883 616 919 specus,
654 870 778 920 qualis
815 873 856 906 in
885 870 1112 908 Dalmatiae
1145 884 1214 908 ora
1250 876 1363 909 vasto

185 947 375 984 praeceps
420 933 546 978 hiatu,
591 937 631 970 in
681 947 801 984 quem
851 934 1009 971 deiecto
1058 935 1133 972 levi
1184 934 1363 984 pondere

185 1001 362 1047 quamvis
377 998 593 1047 tranquillo
609 998 674 1035 die
689 999 838 1034 turbini
854 998 990 1035 similis
1007 1001 1151 1035 emicat
1166 998 1363 1048 procella3

184 1075 331 1098 nomen
348 1061 434 1098 loco
454 1068 515 1098 est
534 1061 668 1098 Senta.
725 1065 819 1113 quin
843 1068 883 1099 et
906 1066 947 1098 in
970 1062 1189 1112 Cyrenaica
1206 1065 1362 1112 provin-

184 1128 244 1162 cia
286 1139 402 1175 rupes
445 1125 642 1175 quaedam
685 1132 821 1162 austro
862 1126 1035 1163 traditur
1075 1139 1200 1170 saera,
1242 1139 1361 1176 quam

184 1189 395 1239 profanum
437 1192 488 1226 sit
529 1192 739 1226 attrectari
781 1189 948 1226 hominis
990 1203 1110 1226 manu
1151 1189 1362 1226 confestim

185 1260 320 1290 austro
346 1253 530 1290 volvente
556 1252 738 1291 harenas.
801 1257 840 1290 in
867 1253 1048 1290 domibus
1077 1256 1199 1290 etiam
1226 1253 1361 1290 multis

184 1330 304 1354 manu
338 1317 474 1354 facta2
507 1317 658 1353 inclusa
691 1320 891 1366 opacitate
925 1317 1210 1367 conceptacula
1243 1330 1361 1354 auras

184 1394 273 1417 suas
294 1380 457 1417 habent.
512 1381 640 1417 adeo3
661 1394 779 1417 causa
799 1394 879 1417 non
899 1381 1027 1418 deest.

238 1445 358 1481 XLV.
387 1444 467 1481 Sed
485 1444 699 1494 plurimum
727 1448 897 1482 interest
926 1445 1042 1482 flatus
1062 1448 1114 1482 sit
1134 1458 1185 1482 an
1204 1451 1358 1482 ventus.

185 1511 268 1547 illos
292 1514 417 1546 statos
443 1514 564 1558 atque
587 1511 873 1558 perspirantes,
895 1522 992 1559 quos
1019 1522 1098 1546 non
1119 1515 1270 1546 tractus
1293 1509 1361 1545 ali-

184 1577 270 1623 quis
303 1586 441 1609 verum
478 1579 614 1609 terrae
651 1576 844 1617 sentiunt,
882 1576 948 1623 qui
986 1586 1065 1610 non
1103 1573 1256 1617 aurae,4
1282 1586 1361 1609 non

183 1637 416 1687 procellae,5
435 1636 506 1673 sed
529 1650 658 1673 mares
679 1637 949 1686 appellatione
971 1650 1129 1687 quoque
1148 1640 1233 1686 ipsa
1253 1639 1360 1673 venti

183 1708 290 1745 sunt,
312 1704 394 1737 sive
417 1701 581 1737 adsiduo
604 1701 741 1737 mundi
764 1707 877 1738 motu
902 1707 943 1738 et
965 1704 1164 1737 contrario
1185 1700 1360 1737 siderum

183 1778 346 1802 occursu
366 1770 596 1808 nascuntur,
615 1768 697 1801 sive
717 1764 779 1801 hic
801 1771 862 1801 est
882 1765 948 1801 ille
969 1764 1208 1815 generabilis
1227 1777 1361 1801 rerum

183 1836 351 1866 naturae
377 1832 537 1878 spiritus
564 1828 640 1865 huc
666 1828 758 1865 illuc
784 1834 991 1878 tamquam
1018 1831 1059 1864 in
1084 1834 1201 1865 utero
1228 1828 1360 1878 aliquo

332 1916 344 1934 ¹
367 1925 405 1945 ac
423 1914 497 1945 add.
515 1914 694 1946 Racklzam.
883 1914 896 1933 ²
921 1914 971 1945 v.l.
989 1914 1193 1945 madefacta.

329 1957 341 1975 ³
366 1958 464 1988 ideo?
494 1957 672 1988 Rackham.
876 1957 888 1976 ⁴
912 1957 1101 1988 Raaklusm:
1127 1967 1220 1988 ausa.

331 2000 342 2018 ⁵
367 2000 554 2031 nack-ham:
581 1999 739 2041 procella.

179 2047 248 2093 256
