1471 2326
98 329 140 359 27

99 1524 141 1555 28

369 141 536 179 PLINY
551 155 560 179 ε
609 141 873 179 NATURAL
908 141 1146 180 HISTORY

165 246 302 281 inritas
321 257 421 288 esse,
436 257 510 280 nec
527 243 616 281 ideo
632 246 859 293 proximum
874 244 932 280 illi
947 247 1129 294 genitum
1143 243 1344 282 hominem

164 330 210 361 ut
238 324 393 361 vilitate
421 326 534 360 iuxta
559 323 698 360 beluas
728 329 845 360 esset.
899 323 1147 372 inperfectae
1180 337 1275 361 vero
1307 327 1346 360 in

163 402 323 440 homine
348 409 516 440 naturae
541 405 757 453 praecipua
781 402 938 447 solatia,
961 416 1012 439 ne
1037 403 1159 439 deum
1185 402 1347 453 quidem

164 496 280 533 posse
328 485 699 532 omnia,—namque
746 495 820 519 nec
866 483 940 518 sibi
987 488 1124 531 potest
1171 488 1348 519 mortem

162 565 423 607 consciscere,
446 565 479 599 si
504 562 617 606 velit,
642 561 748 612 quod
771 560 920 598 homini
945 561 1057 598 dedit
1083 564 1280 611 optimum
1305 564 1347 598 in

162 645 286 679 tantis
310 645 417 679 vitae
439 645 593 692 poenis,
615 655 689 678 nec
711 641 903 678 mortales
927 644 1172 678 aeternitate
1196 641 1347 678 donare

165 728 234 759 aut
258 735 445 760 revocare
471 721 696 765 defunctos,
716 734 789 758 nec
815 720 948 757 facere
974 726 1020 757 ut
1046 723 1112 770 qui
1139 723 1240 758 vixit
1267 733 1349 757 non

164 804 324 846 vixerit,
346 804 413 852 qui
434 800 605 837 honores
628 803 752 850 gessit
775 813 855 837 non
876 800 1348 850 gesserit,—nullumque

162 880 312 918 habere
353 884 393 917 in
434 883 657 930 praeterita
698 882 756 916 ius
797 885 1083 929 praeterquam
1125 879 1347 923 oblivionis,

163 966 285 1011 atque
316 960 377 1010 (ut
407 959 548 997 facetis
580 972 739 1009 quoque
769 962 1017 1009 argumentis
1047 961 1218 996 societas
1248 957 1348 995 haec

162 1053 253 1077 cum
289 1040 366 1077 deo
399 1039 625 1090 copuletur)
658 1044 704 1076 ut
735 1039 795 1075 bis
830 1038 935 1075 dena
972 1040 1113 1088 viginti
1150 1051 1231 1074 non
1267 1040 1347 1075 sint

163 1126 233 1157 aut
266 1119 394 1156 multa
427 1119 612 1156 similiter
647 1119 803 1155 efficere
838 1131 917 1154 non
951 1131 1089 1167 posse:
1137 1130 1209 1167 per
1245 1130 1348 1167 quae

162 1199 392 1237 declaratur
418 1198 516 1236 haut
543 1199 663 1236 dubie
690 1203 859 1235 naturae
886 1200 1084 1247 potentia,
1110 1197 1232 1247 idque
1260 1209 1348 1234 esse

165 1279 271 1330 quod
299 1279 421 1316 deum
445 1291 643 1316 vocemus.
698 1280 739 1314 in
762 1277 861 1314 haec
886 1277 1097 1314 divertisse
1122 1290 1201 1313 non
1226 1276 1348 1314 fuerit

164 1359 351 1403 alienum,
391 1358 552 1408 volgata
597 1360 676 1394 iam
692 1357 707 1380 ¹
757 1363 922 1407 propter
971 1356 1178 1393 adsiduam
1228 1368 1348 1406 quae-

164 1442 334 1476 stionem
354 1438 404 1475 de
423 1437 510 1475 deo.

217 1518 285 1555 VI.
341 1518 443 1554 Hinc
469 1517 680 1554 redeamus
710 1516 760 1554 ad
787 1516 940 1566 reliqua
968 1522 1148 1553 naturae.
1203 1515 1348 1560 sidera,

164 1612 266 1649 quae
295 1598 426 1635 adfixa
453 1597 627 1634 diximus
656 1596 819 1640 mundo,
846 1608 927 1632 non
953 1596 1041 1632 ita2
1068 1601 1114 1632 ut
1142 1598 1348 1633 existimat

165 1678 318 1729 volguS,
351 1677 515 1728 singulis
550 1676 750 1713 attributa
783 1676 895 1712 nobis
931 1681 972 1712 et
1005 1675 1113 1711 clara
1145 1675 1347 1719 divitibus,

164 1761 319 1795 minora
353 1757 609 1807 pauperibus,
644 1756 812 1793 obscura
847 1755 1016 1792 defectis
1052 1768 1097 1791 ac
1131 1768 1205 1804 pro
1239 1759 1348 1791 sorte

165 1840 356 1887 cuiusque
383 1836 560 1873 lucentia
587 1835 852 1873 adnumerata
878 1834 1129 1878 mortalibus,
1155 1846 1229 1870 nec
1256 1847 1346 1871 cum

234 1948 245 1967 ¹
269 1945 456 1987 Detlessen:
488 1945 666 1986 volgatam
685 1944 751 1986 (v.l.
770 1948 912 1986 propter
931 1943 1107 1985 volgatam
1125 1942 1286 1983 assidue).

233 1991 245 2009 ²
269 1991 318 2021 ita
334 1988 520 2030 Detlessen:
551 1989 618 2019 illa..

172 2051 240 2087 186
