1471 2326
95 490 137 521 23

96 808 139 838 24

97 1634 141 1666 26

367 128 535 165 PLINY
549 142 558 166 ε
607 128 643 165 N
646 128 871 166 ATURAL
905 126 1142 164 HISTORY

161 234 328 274 incerta,
361 233 470 267 varia
503 230 836 280 indignorumque
870 229 1032 266 fautrix.
1087 228 1178 266 huic
1211 232 1341 266 omnia

163 308 352 344 expensa,
385 293 475 330 huic
509 297 640 330 omnia
673 293 859 330 feruntur
892 298 1072 342 accepta,
1106 298 1148 329 et
1180 295 1222 329 in
1253 299 1342 330 tota

161 361 315 394 ratione
355 357 585 394 mortalium
623 356 708 393 sola
746 362 960 406 utramque
998 358 1187 406 paginam
1225 355 1343 400 facit3

163 421 344 471 adeoque
368 421 527 457 obnoxii
553 433 687 457 sumus
713 420 843 464 sorti,l
865 425 911 456 ut
933 432 1017 456 sors
1048 422 1133 468 ipsa
1162 433 1236 469 pro
1266 419 1342 456 deo

163 488 229 528 sit,
257 498 335 534 qua
362 485 459 521 deus
488 484 681 533 probatur
709 487 896 520 incertus.
949 496 1040 532 pars
1069 483 1145 519 alia
1174 489 1216 519 et
1242 482 1343 519 hanc

161 549 278 598 pellit
315 554 503 597 astroque
541 561 611 584 suo
649 553 815 584 eventus
854 547 1038 596 adsignat
1077 552 1119 583 et
1156 546 1343 583 nascendi

162 612 339 662 legibus:
372 611 577 660 semelque
614 614 655 647 in
687 624 823 647 omnes
859 610 1013 647 futuros
1050 623 1240 659 umquam
1268 609 1345 647 deo

162 675 386 719 decretum,
417 678 458 711 in
487 675 683 724 reliquom
714 687 809 711 vero
841 677 967 710 otium
998 674 1149 710 datum.
1203 673 1345 710 sedere

162 742 294 788 coepit
313 742 516 775 sententia
535 738 648 782 haec,
666 741 899 787 pariterque
920 743 962 774 et
982 737 1185 774 eruditum
1204 737 1343 787 vulgus

167 809 207 839 et
227 803 325 839 rude
346 806 387 839 in
408 816 497 839 earn
517 815 633 838 cursu
654 802 785 838 vadit:
821 814 913 837 ecce
934 800 1137 850 fulgurum
1156 803 1344 845 monitus,

163 867 413 903 oraculorum
444 868 658 915 praescita,
687 864 940 914 haruspicum
971 864 1191 913 praedicta,
1222 870 1344 914 atque

164 933 286 967 etiam
332 943 454 979 parva
499 930 610 966 dictu
656 932 697 965 in
742 931 932 979 auguriis,
977 933 1257 964 sternumenta
1303 933 1345 965 et

163 993 398 1030 offensiones
418 993 579 1043 pedum.
635 992 747 1029 divus
768 993 973 1042 Augustus
992 992 1168 1041 prodidit
1186 991 1344 1030 laevum

163 1058 235 1094 sibi
256 1057 434 1094 calceum
454 1062 715 1106 praepostere
737 1056 943 1092 inductum
965 1068 1043 1105 quo
1064 1055 1128 1092 die
1148 1055 1344 1092 seditione

122 1139 126 1143 ¹
167 1121 326 1158 militari
343 1134 468 1170 prope
485 1120 665 1157 adflictus
683 1125 756 1156 est.
812 1132 915 1169 quae
930 1119 1084 1169 singula
1099 1118 1344 1168 inprovidam

164 1186 458 1222 mortalitatem
498 1183 714 1227 involvont,
756 1183 886 1220 solum
925 1188 970 1220 ut
1010 1185 1115 1220 inter
1157 1186 1235 1219 ista
1282 1182 1345 1220 vel

163 1255 320 1285 certum
353 1251 405 1285 sit
435 1247 531 1284 nihil
560 1260 647 1284 esse
675 1249 776 1283 certi
805 1260 878 1283 nec
916 1249 1127 1296 quicquam
1163 1249 1344 1282 miserius

164 1311 323 1348 homine
358 1317 427 1348 aut
456 1312 686 1360 superbius:
725 1313 870 1347 ceteris
900 1313 1046 1360 quippe
1083 1312 1344 1347 animantium

164 1376 248 1412 sola
267 1379 392 1412 victus
410 1388 504 1411 cura
523 1380 598 1419 est,
615 1377 656 1410 in
675 1388 752 1424 quo
770 1380 914 1423 sponte
931 1380 1100 1410 naturae
1117 1374 1344 1423 benignitas

165 1440 321 1483 sufficit,
348 1452 426 1475 uno
456 1438 617 1488 quidem
648 1438 711 1474 vel
741 1437 1008 1487 praeferendo
1039 1440 1190 1474 cunctis
1220 1438 1347 1481 bonis,

165 1503 272 1552 quod
293 1502 343 1539 de
364 1502 506 1552 gloria,
525 1502 575 1539 de
595 1504 777 1551 pecunia,
797 1501 848 1538 de
861 1501 876 1524 2
896 1501 1128 1545 ambitione,
1146 1513 1345 1551 superque

165 1566 215 1603 de
235 1572 366 1603 morte
386 1579 465 1602 non
483 1569 674 1615 cogitant.

219 1629 369 1666 Verum
387 1632 428 1665 in
446 1628 505 1665 his
525 1629 619 1665 deos
640 1642 761 1678 agere
780 1642 915 1665 curam
932 1641 1067 1665 rerum
1085 1627 1345 1664 humanarum

166 1693 274 1730 credi
293 1706 341 1729 ex
360 1706 433 1729 usu
450 1696 557 1729 vitae
576 1698 651 1736 est,
667 1705 897 1742 poenasque
913 1692 1116 1728 maleficiis
1134 1691 1346 1741 aliquando

168 1769 292 1801 seras,
314 1762 507 1806 occupato
531 1756 606 1792 deo
629 1759 670 1792 in
691 1761 807 1792 tanta
828 1755 948 1799 mole,
970 1768 1187 1805 numquam
1210 1761 1345 1792 autem

448 1905 461 1924 1
487 1903 570 1935 Edd.
587 1916 594 1934 :
626 1903 795 1933 obnoxiae
813 1913 931 1934 sumus
946 1904 1060 1934 sortis.

450 1947 464 1966 ²
487 1946 529 1978 de
543 1946 618 1977 add.
634 1945 814 1978 Rackhmn.

171 2033 241 2078 ¹84
