1471 2326
112 933 174 965 202

400 124 565 164 PLINY
578 138 588 164 t
637 126 901 164 NATURAL
935 126 1170 165 HISTORY

194 225 355 257 tantum
378 223 538 257 invectu
561 221 678 270 (sicut
702 219 923 257 Echinades
947 221 1098 258 insulae
1122 222 1172 258 ab
1196 221 1374 260 Acheloo

196 292 313 315 amne
344 285 558 328 congestae
589 282 794 329 maiorque
826 292 916 328 pars
947 280 1125 330 Aegypti
1157 294 1180 317 a
1211 281 1302 318 Nilo
1333 284 1374 318 in

197 351 316 388 quam
348 351 372 374 a
403 338 532 375 Pharo
562 339 690 375 insula
721 342 848 375 noctis
881 344 923 375 et
954 339 1033 376 diei
1063 353 1221 377 cursum
1252 340 1373 378 fuisse

196 397 374 434 Homero
410 397 622 447 credimus)
659 411 733 434 nec
767 411 926 434 recessu
961 401 1094 443 maris,
1129 401 1230 436 sicut
1267 399 1374 436 idem

196 456 358 500 Circeis,
379 456 485 506 quod
505 457 693 494 accidisse
715 462 757 494 et
776 459 816 493 in
837 458 1074 494 Ambraciae
1094 464 1214 507 portu
1235 458 1375 495 decem

194 516 348 553 milium
369 529 556 565 passuum
577 516 788 553 intervallo
810 523 852 554 et
873 516 1179 554 Atheniensium
1200 521 1374 568 quinque

195 575 348 611 milium
390 574 442 611 ad
483 574 692 612 Piraeeum
733 581 994 620 memoratur,
1035 581 1077 613 et
1118 575 1267 626 Ephesi
1308 577 1375 613 ubi

196 634 397 684 quondam
409 634 552 670 aedem
566 635 720 671 Dianae
733 634 934 672 adluebat.
990 635 1197 672 Herodoto
1214 635 1375 685 quidem

194 696 227 730 si
259 693 471 737 credimus,
502 707 613 730 mare
646 693 722 731 fuit
754 707 873 744 supra
909 693 1133 743 Memphim
1165 707 1291 744 usque
1325 694 1376 732 ad

195 752 441 802 Aethiopum
491 759 647 789 montes
705 756 884 803 itemque
931 767 955 791 a
1009 754 1136 802 planis
1187 753 1375 799 Arabiae,

194 825 304 848 mare
326 814 431 847 eirca
455 811 571 847 Ilium
595 817 637 848 et
658 818 747 848 tota
768 811 1012 849 Teuthranie
1036 825 1194 862 quaque
1216 825 1375 861 campos

195 870 376 907 intulerit
398 870 631 907 Maeander.

249 929 512 966 LXXXVIII.
568 929 794 966 Nascuntur
828 935 870 966 et
903 929 980 966 alio
1012 929 1130 966 modo
1162 935 1298 966 terrae
1331 942 1376 966 ae

194 994 361 1037 repente
392 991 432 1024 in
463 988 538 1024 alio
555 988 571 1011 1
601 991 700 1024 mari
732 994 944 1038 emergunt
968 988 1078 1025 velut
1107 991 1219 1038 paria
1241 1001 1376 1024 secum

193 1046 367 1084 faciente
403 1053 547 1084 natura
582 1061 765 1097 quaeque
799 1046 978 1084 hauserit
1012 1046 1143 1084 hiatus
1179 1047 1256 1084 alio
1289 1047 1376 1084 loco

191 1106 400 1143 reddente.

247 1165 468 1202 LXXXIX.
524 1165 664 1203 Clarae
696 1169 775 1202 iam
806 1165 962 1215 pridem
993 1165 1144 1202 insulae
1178 1165 1301 1202 Delos
1335 1170 1377 1202 et

194 1224 353 1261 Rhodos
373 1227 591 1262 memoriae
610 1225 834 1275 produntur
854 1231 1012 1269 enatae,
1030 1230 1172 1274 postea
1190 1227 1377 1268 minores,

193 1284 300 1320 ultra
318 1284 458 1321 Melon
474 1283 657 1333 Anaphe,
672 1287 778 1321 inter
795 1284 992 1321 Lemnum
1009 1289 1051 1320 et
1067 1283 1376 1333 Hellespontum

195 1342 320 1387 Neae,
335 1346 441 1380 inter
462 1343 670 1380 Lebedum
687 1348 728 1380 et
747 1343 858 1380 Teon
876 1343 1047 1387 Halone,
1062 1345 1167 1379 inter
1182 1341 1374 1392 Cycladas

195 1401 443 1452 Olympiadis
473 1402 615 1439 CXLV
643 1415 746 1438 anno
775 1407 918 1452 quarto
945 1401 1077 1438 Thera
1105 1407 1146 1438 et
1173 1401 1376 1444 Therasia,

193 1463 300 1498 inter
329 1462 489 1498 easdem
516 1467 607 1511 post
635 1474 758 1498 annos
787 1461 934 1498 CXXX
963 1461 1101 1504 Hiera,
1129 1459 1375 1510 eademquae

195 1521 428 1564 Automate,
457 1526 498 1557 et
536 1521 586 1557 ab
616 1533 663 1557 ea
691 1520 843 1557 duobus
871 1520 1007 1557 stadiis
1035 1525 1126 1569 post
1153 1532 1276 1556 annos
1304 1518 1374 1555 CX

194 1582 234 1615 in
261 1586 397 1616 nostro
425 1593 522 1616 aevo
552 1579 609 1616 M.
640 1579 753 1616 Iunio
780 1579 913 1616 Silano
937 1579 982 1616 L.
1006 1579 1130 1616 Balbo
1152 1592 1251 1616 coss.
1276 1591 1311 1615 a.
1336 1577 1373 1615 d.

195 1637 295 1674 VIII
318 1638 409 1675 Idus
432 1639 552 1676 Iulias
572 1638 682 1675 Thia.

654 1724 667 1744 ²
694 1723 744 1755 v.l.
760 1724 888 1765 aliquo.

237 1833 253 1848 ⁶
276 1828 420 1868 Odyssey
437 1828 496 1859 IV.
514 1829 588 1859 354.
788 1827 801 1847 ⁶
824 1826 872 1859 H.
888 1828 938 1860 10.

240 1876 253 1892 ²
275 1872 305 1902 A
319 1871 501 1912 legendary
515 1871 595 1912 king
610 1871 644 1901 in
657 1870 778 1911 Mysia.

237 1914 252 1933 ἀ
275 1915 346 1945 The
360 1916 448 1945 river
464 1915 615 1945 between
630 1914 739 1954 Lydia
754 1913 822 1944 and
836 1913 944 1945 Caria.

238 1962 251 1977 ⁶
277 1959 336 1988 197
359 1967 423 1989 ΒΩ.
471 1957 542 1988 The
561 1957 683 1998 figures
702 1957 737 1988 in
756 1956 824 1988 this
845 1966 986 1997 passage
1005 1965 1062 1986 are
1084 1966 1163 1998 very
1184 1955 1371 1987 uncertain.

237 2000 254 2026 Ι
272 2011 343 2032 A.D.
364 2002 415 2032 19.

193 2073 263 2109 332
