1471 2326
381 156 548 195 PLINY
562 170 571 194 z
621 156 884 194 NATURAL
920 155 1156 194 HISTORY

183 265 416 310 pergerent,
448 272 499 296 ne
533 258 664 308 laquei
697 264 908 308 torqueret
940 271 1070 308 poena
1102 264 1360 308 praepostera

185 323 335 360 incluso
353 325 495 372 spiritu
513 325 573 359 cui
594 328 857 372 quaereretur
876 325 1020 366 exitus,
1037 335 1088 358 ne
1106 324 1147 358 in
1164 321 1361 371 profundo

189 389 370 436 quaesita
413 392 544 423 morte
589 386 796 435 sepultura
832 385 978 435 pabulo
1016 385 1145 429 fieret,
1181 398 1232 422 ne
1268 384 1362 421 ferri

186 453 382 487 cruciatus
407 449 608 486 scinderet
632 462 786 499 corpus.
840 452 897 486 ita
922 455 997 492 est,
1021 451 1199 485 miserita
1223 450 1362 498 genuit

188 513 229 550 id
246 517 354 550 euius
374 513 560 550 facillimo
579 512 724 550 haustu
742 512 907 549 inlibato
924 525 1090 562 corpore
1109 517 1151 549 et
1168 525 1258 549 cum
1276 517 1363 549 toto

187 580 380 627 sanguine
419 579 767 626 exstingueremur
805 576 914 612 nullo
952 576 1102 620 labore,
1139 576 1363 612 sitientibus

187 641 348 685 similes,
380 640 552 691 qualiter
583 640 791 677 defunctos
824 653 903 676 non
935 639 1114 683 volucris,
1145 652 1224 676 non
1255 638 1364 675 ferae

190 707 452 754 attingerent,
505 709 720 753 terraeque
774 709 999 740 servaretur
1054 706 1119 752 qui
1169 703 1241 739 sibi
1291 704 1364 751 ipsi

106 774 169 805 157
191 771 386 818 periisset.
440 781 577 804 verum
613 767 832 804 fateamur:
881 773 991 803 terra
1026 767 1137 803 nobis
1172 765 1365 802 malorum

188 832 410 869 remedium
434 834 588 882 genuit,
611 844 682 867 nos
706 831 804 867 illud
829 833 933 866 vitae
958 829 1122 866 fecimus
1146 841 1365 872 venenum3

190 908 270 932 non
295 898 401 932 enim
426 901 468 932 et
491 894 614 938 ferro,
638 908 716 944 quo
739 907 877 930 carere
901 907 980 930 non
1003 906 1227 943 possumus,
1249 892 1366 929 simili

190 959 308 996 modo
326 958 500 995 utimur?
533 971 606 995 nec
622 964 760 994 tamen
777 970 1036 1007 quereremur
1051 960 1194 994 merito
1212 958 1367 994 etiamsi

190 1023 359 1059 malefici
412 1035 530 1059 causa
581 1021 752 1058 tulisset.
807 1021 994 1058 adversus
1047 1034 1166 1057 unam
1220 1022 1366 1070 quippe

188 1092 355 1123 naturae
376 1091 532 1135 partem
553 1087 699 1135 ingrati
719 1098 865 1121 sumus.
920 1097 1016 1134 quas
1038 1097 1116 1121 non
1137 1083 1189 1121 ad
1208 1083 1368 1120 delicias

191 1163 369 1200 quasque
413 1163 493 1186 non
535 1148 587 1186 ad
629 1148 891 1185 contumelias
935 1151 1057 1185 servit
1100 1147 1275 1184 homini?
1328 1149 1368 1182 in

191 1216 318 1251 maria
356 1216 511 1257 iacitur,
549 1218 619 1249 aut
657 1218 703 1249 ut
740 1211 846 1248 freta
880 1211 1138 1248 admittamus
1178 1211 1368 1254 eroditur,

190 1280 317 1327 aquis,
334 1276 456 1320 ferro,
474 1277 595 1326 ligno,
613 1278 708 1326 igni,
726 1275 871 1324 lapide,
889 1274 1006 1325 fruge
1024 1275 1204 1311 omnibus
1222 1276 1368 1311 crucia-

191 1347 258 1378 tur
279 1340 399 1384 horis,
420 1340 627 1389 multoque
650 1339 736 1389 plus
760 1345 805 1376 ut
827 1339 976 1375 deliciis
1000 1351 1119 1388 quam
1141 1344 1186 1375 ut
1208 1337 1369 1374 alimen-

109 1410 171 1441 158
195 1407 245 1441 tis
289 1404 505 1441 famuletur
547 1406 705 1440 nostris.
761 1408 805 1439 ut
820 1402 834 1425 ¹
877 1408 1015 1439 tamen
1064 1415 1167 1451 quae
1216 1413 1369 1438 summa

192 1471 343 1518 patitur
379 1473 502 1517 atque
541 1473 722 1504 extrema
759 1471 851 1503 cute
887 1465 1112 1502 tolerabilia
1148 1465 1371 1508 videantur,

191 1537 449 1582 penetramus
469 1534 510 1567 in
531 1533 680 1567 viscera
702 1532 787 1566 auri
807 1532 1044 1579 argentique
1064 1542 1183 1565 venas
1206 1534 1248 1565 et
1268 1530 1369 1564 aeris

193 1609 238 1632 ac
281 1595 432 1645 plumbi
476 1594 642 1631 metalla
684 1593 897 1636 fodientes,
940 1605 1117 1643 gemmas
1163 1594 1284 1628 etiam
1328 1596 1370 1628 et

193 1659 384 1709 quosdam
400 1658 581 1708 parvolos
599 1660 825 1708 quaerimus
842 1656 992 1706 lapides
1008 1656 1211 1693 scrobibus
1228 1658 1268 1691 in
1283 1668 1371 1704 pro-

195 1723 363 1760 fundum
402 1725 514 1766 actis,
552 1725 704 1758 viscera
743 1724 825 1757 eius
865 1719 1125 1763 extrahimus,
1163 1725 1208 1756 ut
1245 1719 1371 1768 digito

193 1792 378 1836 gestetur
397 1798 558 1836 gemma
577 1788 742 1834 petitur.
798 1789 895 1833 quot
915 1796 1054 1820 manus
1077 1788 1306 1819 atteruntur
1326 1787 1371 1818 ut

193 1863 293 1887 unus
318 1853 446 1887 niteat
470 1848 679 1886 articulus!
733 1851 765 1885 si
789 1847 859 1884 ulli
882 1853 1015 1884 essent
1040 1845 1170 1890 inferi,
1187 1848 1265 1882 iam
1284 1858 1370 1895 pro-

656 1925 669 1945 ¹
691 1924 811 1964 Silliqz
840 1928 885 1955 et.

234 2017 248 2032 ‘¹
271 2013 317 2044 Or
330 2017 337 2029 ‘
349 2013 471 2044 should
484 2012 525 2044 be
539 2011 682 2044 effeeted
696 2011 741 2053 by
757 2021 818 2042 our
832 2010 1008 2051 beeoming
1020 2009 1124 2046 food,’
1138 2018 1180 2040 sc.
1192 2008 1246 2040 for
1260 2008 1366 2039 fishes.

194 2070 263 2106 292
