1471 2326
121 510 183 540 163

119 1403 180 1434 164

407 145 575 185 PLINY
588 160 597 185 ι
646 147 911 186 NATURAL
945 147 1181 186 HISTORY

201 252 409 286 universae
437 249 694 286 rotunditatis
723 249 926 300 colligens.
979 249 1074 286 mihi
1103 253 1256 287 incerta
1284 250 1383 288 haec

204 313 362 350 videtur
395 316 649 357 coniectatio,
682 312 790 350 haud
822 316 961 363 ignaro
996 314 1187 363 quosdam
1221 315 1381 364 Alpium

202 380 371 413 vertices
414 377 533 426 longo
575 383 709 414 tractu
752 390 825 414 nec
868 377 1050 414 breviore
1094 381 1383 428 quinquaginta

202 441 359 477 milibus
378 454 565 490 passuum
584 440 811 490 adsurgere.

258 504 338 541 Sed
362 504 477 554 volgo
502 507 676 540 maxima
701 503 799 541 haec
824 518 959 555 pugna
985 511 1060 548 est,
1083 508 1116 542 si
1140 511 1320 542 coactam
1343 508 1383 542 in

206 571 397 605 verticem
423 581 615 617 aquarum
642 581 798 618 quoque
825 569 992 618 figuram
1016 569 1182 606 credere
1206 575 1383 620 cogatur.

203 635 314 682 atqui
329 645 409 668 non
425 631 533 668 aliud
547 635 588 667 in
602 645 737 668 rerum
753 638 896 669 natura
912 632 1104 682 adspectu
1119 633 1381 670 manifestius.

202 709 375 745 namque
404 702 446 732 et
472 695 747 745 dependentes
778 696 924 746 ubique
951 702 1092 746 guttae
1119 700 1248 746 parvis
1273 697 1386 747 glob-

201 766 321 796 antur
376 760 536 796 orbibus
593 765 635 797 et
690 760 845 809 pulveri
900 760 1048 797 inlatae
1104 759 1384 810 frondiumque

204 824 380 873 lanugini
401 826 598 873 inpositae
619 823 803 860 absoluta
821 823 1071 860 rotunditate
1091 830 1323 868 cernuntur,
1343 830 1386 862 et

202 890 243 924 in
284 888 434 937 poculis
474 887 638 936 repletis
679 887 812 924 media
852 890 1026 924 maxime
1066 893 1241 931 tument,
1281 901 1383 938 quae

201 958 368 1001 propter
382 951 649 988 subtilitatem
668 954 815 988 umoris
835 951 1124 1001 mollitiamque
1143 954 1185 988 in
1202 965 1245 988 se
1263 952 1385 989 resid-

204 1021 340 1052 entem
370 1018 524 1051 ratione
558 1014 709 1051 facilius
744 1028 864 1064 quam
893 1018 976 1051 visu
1009 1014 1386 1065 deprehenduntur3

203 1079 323 1128 idque
348 1082 471 1116 etiam
494 1082 620 1129 magis
644 1082 803 1122 mirum,
825 1082 866 1115 in
888 1079 1038 1129 poculis
1061 1079 1224 1128 repletis
1249 1079 1385 1117 addito

201 1156 339 1179 umore
388 1146 551 1179 minimo
596 1143 867 1179 circumfluere
915 1143 1021 1192 quod
1065 1146 1250 1193 supersit,
1294 1157 1386 1180 con-

202 1213 267 1243 tra
308 1210 466 1243 evenire
505 1206 744 1256 ponderibus
786 1207 929 1243 additis
970 1207 1020 1243 ad
1065 1210 1220 1244 vicenos
1265 1220 1386 1257 saepe

204 1270 401 1315 denarios,
455 1271 604 1307 scilicet
660 1273 751 1320 quia
809 1274 914 1307 intus
972 1276 1136 1320 recepta
1191 1271 1386 1320 liquorem

203 1337 243 1370 in
284 1338 474 1372 verticem
515 1335 716 1378 attollant,
745 1340 787 1371 at
828 1334 984 1371 cumulo
1026 1337 1216 1371 eminenti
1256 1335 1385 1372 infusa

203 1398 454 1436 delabantur.
523 1399 664 1435 eadem
712 1405 773 1435 est
820 1411 939 1435 causa
984 1405 1150 1448 propter
1197 1412 1316 1448 quam
1364 1413 1386 1436 e

201 1463 363 1499 navibus
382 1469 493 1499 terra
510 1476 590 1499 non
607 1468 795 1499 cernatur
814 1475 835 1499 e
854 1465 1013 1498 navium
1030 1462 1144 1499 malis
1162 1466 1386 1512 conspicua,

200 1540 246 1563 ac
277 1527 415 1576 procul
447 1526 664 1563 recedente
697 1529 868 1576 navigio,
900 1529 933 1562 si
966 1526 1061 1576 quid
1093 1526 1201 1576 quod
1231 1526 1386 1577 fulgeat

200 1591 395 1641 religetur
435 1594 475 1627 in
514 1590 607 1627 mali
648 1593 866 1633 cacumine,
906 1590 1101 1640 paulatim
1141 1590 1387 1628 descendere

202 1655 385 1691 videatur
413 1661 454 1691 et
480 1661 685 1704 postremo
712 1654 948 1691 occultetur.
1003 1654 1175 1704 denique
1201 1668 1386 1698 oceanus,

202 1732 321 1768 quem
336 1718 509 1755 fatemur
523 1719 722 1761 ultimum,
736 1731 908 1767 quanam
921 1718 998 1754 alia
1012 1718 1138 1768 figura
1150 1717 1386 1756 cohaereret

202 1789 324 1832 atque
346 1796 425 1819 non
445 1782 652 1820 decideret
672 1782 781 1818 nullo
803 1782 909 1819 ultra
929 1785 1108 1832 margine
1129 1781 1385 1819 includente?

202 1847 243 1883 id
264 1850 392 1896 ipsum
414 1846 465 1883 ad
484 1846 720 1883 miraculum
740 1846 859 1889 redit,
881 1859 1053 1895 quonam
1074 1845 1206 1889 modo,
1228 1848 1385 1882 etiamsi

245 1964 260 1979 ⁰
284 1960 347 2008 Le..
355 1970 374 1990 a
387 1959 565 2001 negligible
577 1959 724 1991 fraction
734 1958 772 1990 of
780 1959 838 1990 the
850 1959 977 1990 earth's
989 1958 1164 1996 diameter,
1176 1969 1196 1989 a
1208 1958 1386 2000 negligible

200 2007 407 2044 protmsxon..

203 2065 273 2103 208
