1471 2326
124 428 186 458 134

128 1003 190 1035 135

132 1516 194 1549 136

403 127 569 166 PLINY
583 140 593 165 z
642 127 907 165 NATURAL
942 126 1179 165 HISTORY

207 231 252 268 fit
282 236 419 267 autem
452 229 671 280 aquilonius
709 229 878 280 typhon,
906 242 980 266 nec
1017 229 1154 266 nivalis
1193 235 1263 266 aut
1293 231 1382 267 nive

207 294 396 331 iacente1
437 293 660 343 ecnephias.
717 293 823 343 quod
861 296 892 330 si
932 293 1049 330 simul
1086 296 1194 343 rupit
1234 294 1383 330 nubem

209 361 437 408 exarsitque
472 364 514 395 et
546 360 681 408 ignem
713 357 867 401 habuit,
899 370 979 394 non
1011 362 1153 406 postea
1185 359 1382 406 concepit,

211 422 363 459 fulmen
388 428 462 459 est.
516 421 639 458 distat
665 435 688 457 a
711 427 894 471 prestere
920 434 997 471 quo
1022 421 1182 457 flamma
1206 421 1256 457 ab
1281 423 1385 470 igni:

208 485 270 523 hic
304 486 387 523 late
423 485 603 522 funditur
639 485 750 528 flatu,
785 485 884 522 illud
919 485 1183 535 conglobatur
1218 487 1384 534 impetu.

209 556 351 587 vertex
387 556 523 587 autem
557 549 773 586 remeando
809 549 933 586 distat
969 562 992 585 a
1028 549 1189 585 turbine
1228 554 1269 585 et
1308 561 1386 598 quo

208 614 355 651 stridor
392 627 415 650 a
446 613 630 664 fragore3
676 613 853 663 procella
881 612 1093 650 latitudine
1123 613 1173 649 ab
1202 618 1388 661 utroque,

209 678 375 715 disiecta
414 678 521 714 nube
567 680 696 714 verius
738 691 857 727 quam
902 682 1033 726 rupta.
1088 676 1133 713 fit
1180 682 1222 713 et
1260 676 1388 726 caligo

208 742 353 779 beluae
368 742 506 779 similis
522 745 562 779 in
575 741 589 764 2
605 742 711 778 nube
727 741 813 778 dira
827 741 1119 790 navigantibus.
1168 746 1330 776 vocatur
1347 745 1389 777 et

209 806 407 850 columna,
431 820 520 842 cum
544 809 734 856 spissatus
759 818 874 841 umor
896 808 1110 854 rigensque
1134 807 1219 853 ipse
1241 817 1284 840 se
1307 816 1389 840 sus-

210 873 337 914 tinet3
380 883 429 907 ex
454 870 597 907 eodem
620 882 771 919 genere
791 874 834 906 et
850 868 983 912 aulon,
1003 881 1094 905 cum
1113 867 1238 905 veluti
1258 867 1391 904 fistula

210 935 336 971 nubes
356 947 501 984 aquam
519 933 655 971 trahit.

266 998 333 1035 LI.
362 999 507 1035 Hieme
537 1003 580 1035 et
608 1003 765 1034 aestate
792 1010 883 1033 rara
910 996 1078 1033 fulmina
1105 999 1312 1034 contrariis
1340 995 1392 1033 de

211 1065 353 1107 causis,
371 1065 558 1112 quoniam
573 1061 706 1099 hieme
724 1061 914 1098 densatus
932 1074 1001 1098 aer
1018 1061 1184 1097 nubium
1199 1063 1392 1097 crassiore

211 1130 318 1164 corio
343 1130 550 1176 spissatur,
575 1129 781 1175 omnisque
807 1132 1009 1162 terrarum
1035 1124 1236 1162 exhalatio
1260 1127 1391 1174 rigens

214 1204 258 1228 ac
287 1191 421 1241 gelida
449 1190 637 1240 quicquid
665 1192 809 1239 accipit
837 1192 943 1239 ignei
971 1191 1129 1238 vaporis
1159 1191 1390 1238 exstinguit.

215 1268 317 1305 quae
357 1257 460 1291 ratio
502 1257 706 1290 inmunem
749 1253 952 1303 Scythiam
995 1258 1037 1290 et
1077 1255 1182 1289 cirea
1222 1254 1394 1302 rigentia

214 1332 238 1355 a
268 1318 479 1355 fulminum
511 1331 604 1354 casu
634 1323 830 1367 praestat,
863 1330 884 1353 e
916 1316 1072 1353 diverso
1104 1319 1246 1352 nimius
1279 1315 1395 1352 ardor

215 1383 464 1432 Aegyptum,
478 1382 675 1431 siquidem
689 1381 805 1418 calidi
817 1383 990 1430 siccique
1002 1379 1148 1417 halitus
1160 1386 1295 1417 terrae
1306 1393 1395 1416 raro

215 1446 430 1483 admodum
455 1449 667 1495 tenuisque
689 1451 731 1482 et
749 1445 923 1481 infirmas
944 1444 1164 1481 densantur
1188 1446 1230 1480 in
1255 1444 1394 1481 nubes.

218 1524 312 1548 vere
329 1517 465 1547 autem
483 1516 523 1547 et
544 1516 736 1546 autumno
755 1509 958 1546 crebriora
976 1508 1156 1552 fulmina,
1170 1511 1362 1557 correptis
1377 1506 1394 1530 ³

216 1578 256 1612 in
281 1581 452 1625 utroque
478 1581 662 1624 tempore
689 1575 854 1610 aestatis
879 1572 1101 1622 hiemisque
1127 1575 1276 1615 causis3
1318 1584 1397 1621 qua

215 1642 370 1676 ratione
400 1639 542 1676 crebra
572 1641 612 1674 in
644 1638 775 1681 Italia,
807 1640 898 1687 quia
928 1637 1112 1673 mobilior
1142 1649 1211 1673 aer
1240 1638 1397 1672 mitiore

216 1702 348 1740 hieme
371 1709 412 1740 et
435 1708 590 1739 aestate
612 1702 794 1738 nimbosa
814 1714 974 1750 semper
996 1699 1290 1750 quodammodo
1311 1712 1398 1736 ver—

215 1773 284 1804 nat
298 1767 360 1804 vel
373 1772 595 1803 autumnat.
640 1772 733 1802 sunt
748 1768 789 1801 in
805 1765 821 1788 ⁴²
834 1765 976 1802 Italiae
990 1777 1147 1815 quoque
1159 1764 1339 1814 partibus
1351 1766 1396 1800 iis

257 1881 270 1900 ¹
296 1880 347 1911 nul.
365 1884 424 1910 aut
441 1880 554 1910 nivem
571 1879 695 1909 iaciens
711 1877 784 1917 (del.
800 1881 836 1908 ut
850 1877 945 1917 yloss.
962 1877 1173 1915 Pintianwe).

256 1924 268 1942 ²
292 1925 326 1955 in
343 1922 501 1965 Maylzoff
512 1935 518 1953 :
538 1934 556 1954 e
572 1920 932 1996 auglwcfflklmm?
957 1920 1148 1952 Rackhamz
1173 1919 1354 1960 corruptis.

215 2038 284 2074 272
