1471 2326
429 127 595 165 PLINY
610 141 619 165 ε
668 127 932 165 NATURAL
964 127 1201 165 HISTORY

230 233 438 279 navigatur
465 229 594 266 hodie.
657 232 847 266 maiorem
876 229 1036 279 quidem
1065 232 1147 265 eius
1176 235 1332 278 partem
1360 235 1402 267 et

228 286 391 319 orientis
419 286 606 319 victoriae
631 285 763 332 magni
791 282 1008 319 Alexandri
1034 282 1252 318 lustravere
1278 296 1402 332 usque

227 338 266 372 in
296 336 509 372 Arabicum
537 339 680 378 sinum,
702 338 741 371 in
765 348 842 384 quo
870 348 933 372 res
963 341 1130 385 gerente
1160 335 1203 371 C.
1234 335 1403 372 Caesare

228 389 400 438 Augusti
431 389 510 425 filio
539 392 652 438 signa
681 391 839 424 navium
869 401 919 425 ex
949 388 1276 436 Hispaniensibus
1307 401 1401 424 nau-

146 447 208 478 169
232 441 367 491 fragiis
416 441 600 478 feruntur
645 444 792 491 agnita.
874 446 916 478 et
962 441 1106 477 Hanno
1153 440 1402 490 Carthaginis

225 497 407 544 potentia
433 494 602 531 florente
630 497 918 530 circumvectus
946 507 969 529 a
997 493 1174 530 Gadibus
1203 493 1254 530 ad
1281 493 1400 530 finem

229 548 403 584 Arabiae
442 549 736 597 navigationem
774 560 862 583 eam
897 546 1072 595 prodidit
1107 549 1269 595 scripto,
1303 549 1404 583 sicut

229 600 281 637 ad
304 606 445 637 extera
467 600 652 649 Europae
675 599 873 636 noscenda
896 603 1034 635 missus
1059 599 1199 636 eodem
1221 605 1404 648 tempore

229 653 411 690 Himilco.
449 659 660 704 praeterea
713 653 845 702 Nepos
898 652 1100 689 Cornelius
1154 658 1292 688 auctor
1344 656 1406 689 est

229 706 441 742 Eudoxum
487 706 687 756 quendam
732 719 803 742 sua
848 711 998 748 aetate,
1043 718 1132 741 cum
1181 704 1402 754 Lathyrum

229 772 365 808 regem
390 759 564 809 fugeret,
587 760 758 795 Arabico
781 761 869 794 sinu
894 771 1097 808 egressum
1123 757 1255 794 Gades
1279 770 1405 807 usque

229 818 485 861 pervectum;
526 812 732 861 multoque
761 817 855 847 ante
884 824 975 847 eum
1003 810 1160 847 Caelius
1189 812 1405 860 Antipater

231 865 373 901 vidisse
394 878 436 901 se
460 868 524 914 qui
549 867 775 914 navigasset
797 877 846 901 ex
870 864 1063 913 Hispania
1084 866 1124 899 in
1147 863 1403 912 Aethiopiam

149 923 210 953 170
233 921 429 955 conmerci
472 921 614 968 gratia.
686 917 792 954 idem
834 917 966 966 Nepos
1013 917 1063 953 de
1108 916 1407 966 septentrionali

230 974 396 1007 circuitu
437 971 562 1007 tradit
605 970 755 1016 Quinto
800 969 971 1006 Metello
1014 969 1159 1014 Celeri,
1190 968 1329 1005 Afrani
1366 971 1406 1005 in

230 1024 437 1060 consulatu
487 1024 665 1073 collegae
717 1023 788 1060 sed
833 1029 920 1059 tum
974 1022 1127 1059 Galliae
1172 1021 1408 1071 proconsuli,

232 1077 350 1113 Indos
370 1091 393 1112 a
410 1090 504 1126 rege
523 1076 744 1113 Sueborum
763 1076 865 1113 dono
884 1076 1012 1119 datos,
1031 1078 1096 1125 qui
1117 1088 1165 1112 ex
1186 1075 1298 1111 India
1315 1088 1405 1111 con-

230 1133 351 1166 merci
397 1143 514 1166 causa
559 1132 791 1179 navigantes
834 1129 1144 1178 tempestatibus
1189 1133 1323 1164 essent
1366 1130 1405 1164 in

232 1183 489 1219 Germaniam
517 1183 684 1231 abrepti.
739 1185 793 1219 sic
819 1185 944 1218 maria
970 1180 1206 1218 circumfusa
1232 1180 1406 1229 undique

234 1236 392 1273 dividuo
407 1236 525 1285 globo
538 1241 694 1284 partem
706 1236 809 1271 orbis
822 1234 1007 1271 auferunt
1020 1235 1130 1270 nobis
1143 1247 1216 1270 nec
1227 1233 1319 1270 inde
1332 1233 1407 1269 huc

231 1302 304 1325 nec
327 1289 415 1325 hinc
434 1289 503 1325 illo
525 1291 661 1337 pervio
681 1294 826 1324 tractu.
882 1301 983 1337 quae
1004 1287 1290 1336 contemplatio
1312 1292 1407 1335 apta

231 1341 484 1391 detegendae
516 1341 743 1377 mortalium
777 1343 944 1378 vanitati
978 1353 1140 1389 poscere
1174 1340 1330 1376 videtur
1362 1345 1407 1375 ut

232 1401 363 1431 totum
395 1394 468 1431 hoc
501 1394 686 1444 quicquid
718 1399 779 1430 est
810 1397 851 1430 in
882 1407 960 1443 quo
990 1393 1153 1442 singulis
1185 1392 1281 1428 nihil
1311 1395 1406 1429 satis

234 1454 295 1484 est
313 1461 386 1484 ceu
404 1448 627 1483 subiectum
646 1447 765 1483 oculis
785 1453 978 1496 quantum
997 1449 1048 1482 sit
1066 1445 1287 1482 ostendam.

149 1505 206 1537 171
288 1500 472 1537 LXVIII.
528 1501 612 1536 Iam
646 1503 816 1549 primum
849 1503 889 1536 in
921 1499 1082 1536 dimidio
1114 1501 1321 1548 conputari
1355 1500 1407 1534 vi—

233 1553 365 1597 detur,
384 1560 591 1603 tamquam
613 1553 721 1589 nulla
741 1555 872 1602 portio
893 1555 965 1602 ipsi
987 1552 1194 1588 decidatur
1210 1552 1223 1574 1
1245 1564 1407 1594 oceano,

230 1610 294 1656 qui
313 1609 388 1643 toti
403 1607 418 1629 2
433 1607 699 1643 circumdatus
718 1606 849 1642 medio
867 1611 908 1642 et
924 1608 1049 1642 omnis
1065 1611 1220 1642 ceteras
1237 1603 1406 1641 fundens

372 1670 384 1690 ¹
408 1670 471 1701 all.
487 1670 632 1706 decidat,
649 1669 802 1700 decedat.
932 1669 944 1687 ²
968 1668 1157 1700 Raclcham:
1186 1671 1276 1699 toto.

278 1744 292 1758 ‘²
314 1740 386 1771 The
399 1750 461 1771 son
475 1739 513 1770 of
522 1740 683 1780 Agrippa,
699 1739 849 1780 adopted
865 1739 908 1779 by
924 1738 1108 1779 Augustus.

277 1782 290 1801 ι
313 1782 404 1814 Both
418 1782 514 1814 these
526 1786 731 1813 statements
744 1791 801 1812 are
817 1781 852 1812 of
869 1791 986 1812 course
1002 1785 1137 1812 untrue.

280 1831 291 1844 ⁶
313 1826 375 1857 We
389 1825 490 1856 know
505 1826 593 1856 from
613 1825 737 1856 Strabo
755 1825 832 1856 that
845 1824 913 1855 this
926 1827 1114 1855 statement
1126 1823 1233 1854 about
1244 1822 1408 1854 Eudoxus

238 1869 264 1899 is
280 1878 468 1899 erroneouS.
992 1865 1007 1885 ⁶
1030 1866 1090 1897 Le.
1106 1865 1217 1896 round
1233 1864 1266 1896 S.
1281 1864 1407 1896 Astica.

278 1916 288 1929 ⁶
312 1911 371 1942 Le.
388 1909 542 1951 dividing
558 1919 598 1940 us
622 1908 710 1940 from
729 1907 875 1940 another
898 1908 1086 1939 land-mass
1113 1910 1204 1947 (now
1228 1908 1354 1938 known
1370 1917 1408 1938 as

232 1953 344 1984 North
369 1952 437 1983 and
459 1951 569 1984 South
588 1952 759 1990 Amerioa)
784 1950 894 1983 which
919 1961 987 1984 was
1011 1950 1171 1982 assumed
1194 1954 1230 1982 to
1255 1951 1344 1982 exist
1364 1959 1409 1981 on

234 1995 292 2026 the
308 1995 405 2027 other
421 1995 493 2026 side
508 1994 544 2026 of
559 1994 618 2026 the
634 1994 754 2026 world.

225 2051 297 2088 304
