1471 2326
423 115 611 153 PLINY:
664 114 926 153 NATURAL
960 112 1197 152 HISTORY

220 217 318 254 duos
342 230 514 260 occasus,
539 216 683 253 Umbri
706 229 729 252 a
751 216 918 252 meridie
942 215 993 252 ad
1015 215 1237 258 meridiem,
1260 213 1398 264 vulgus

222 292 338 314 omne
364 292 386 314 a
410 278 496 314 luce
522 278 572 314 ad
596 278 799 320 tenebras,
822 276 1050 312 sacerdotes
1075 276 1241 312 Romani
1267 281 1308 312 et
1333 277 1398 324 qui

222 339 328 376 diem
350 339 541 375 diffiniere
563 338 732 381 civilem,
752 341 851 374 item
873 338 1050 387 Aegypti
1073 342 1115 373 et
1136 335 1401 385 Hipparchus,

221 413 244 436 a
266 400 397 436 media
420 406 537 436 nocte
559 402 599 435 in
621 399 806 435 mediam.
860 401 1014 434 minora
1036 403 1172 434 autem
1192 396 1402 433 intervalla

222 474 308 497 esse
323 461 417 497 lucis
431 464 536 497 inter
548 473 707 496 occasus
722 459 787 496 et1
803 465 913 496 ortus
928 459 1019 495 solis
1036 461 1148 495 iuxta
1161 458 1376 495 solstitium
1387 456 1402 479 ²

222 535 341 571 quam
387 524 640 570 aequinoctia
685 526 854 570 apparet
900 522 992 569 quia
1037 522 1181 568 positio
1225 518 1402 568 signiferi

221 586 326 619 circa
347 582 479 619 media
500 585 558 618 sui
581 582 778 631 obliquior
801 587 876 624 est,
898 583 1010 617 iuxta
1030 580 1245 616 solstitium
1267 585 1402 616 autem

220 647 377 680 rectior.

139 709 201 740 189
277 704 437 741 LXXX.
494 703 756 741 Contexenda
794 709 886 739 sunt
924 702 982 738 his
1022 702 1260 738 caelestibus
1299 713 1404 737 nexa

222 768 362 802 causis.
418 778 590 814 namque
622 770 663 801 et
695 763 913 813 Aethiopas
945 765 1058 799 vicini
1089 762 1229 799 sideris
1259 774 1405 811 vapore

220 829 365 863 torreri
408 826 639 875 adustisque
681 825 819 861 similis
861 826 970 874 gigni
1013 824 1138 859 barba
1180 828 1222 859 et
1263 822 1406 871 capillo

223 888 378 923 vibrato
413 900 493 923 non
527 892 589 923 est
623 886 802 928 dubium,
837 891 878 922 et
913 885 1080 921 adversa
1113 884 1233 933 plaga
1265 883 1402 920 mundi

222 948 390 984 candida
421 954 543 996 atque
574 947 731 997 glaciali
761 952 854 982 cute
886 959 972 982 esse
1003 950 1145 995 gentes
1177 944 1285 980 flavis
1316 957 1404 993 pro-

222 1012 348 1045 missis
365 1009 380 1031 3
402 1009 589 1051 crinibus,
611 1011 732 1044 trucis
754 1020 849 1043 vero
872 1020 921 1043 ex
943 1006 1043 1043 caeli
1062 1009 1193 1055 rigore
1215 1004 1299 1048 has,
1318 1004 1405 1041 illas

223 1070 448 1106 mobilitate
488 1073 712 1118 sapientes;
765 1071 931 1117 ipsoque
970 1080 1129 1103 crurum
1169 1071 1406 1116 argumento

222 1131 297 1166 illis
326 1133 365 1166 in
393 1143 538 1179 supera
557 1143 694 1166 sucum
713 1131 887 1166 revocari
915 1134 1057 1164 natura
1086 1129 1253 1176 vaporis,
1279 1126 1338 1163 his
1366 1129 1405 1162 in

222 1192 368 1227 inferas
404 1198 538 1240 partes
574 1190 722 1240 depelli
758 1203 895 1226 umore
930 1189 1120 1230 decidu03
1168 1187 1230 1225 hic
1265 1200 1405 1238 graves

223 1252 342 1295 feras,
379 1252 458 1288 illic
497 1255 622 1287 varias
663 1252 811 1300 effigies
851 1250 1080 1286 animalium
1118 1251 1327 1298 provenire
1366 1254 1407 1285 et

222 1316 395 1349 maxime
421 1313 561 1349 alitum
585 1312 641 1362 [in
663 1312 808 1348 multas
835 1311 978 1361 figuras
1002 1311 1140 1360 gigni4
1162 1310 1339 1346 volucres
1352 1309 1406 1360 5];

221 1387 431 1423 corporum
451 1380 587 1410 autem
606 1376 890 1422 proceritatem
910 1372 1138 1420 utrobique,
1154 1370 1233 1407 illic
1252 1373 1401 1420 ignium

140 1440 202 1470 190
226 1438 326 1478 nisu,
346 1434 409 1471 hic
430 1437 575 1471 umoris
596 1434 808 1476 aliment03
842 1433 974 1469 medio
995 1445 1088 1468 vero
1108 1438 1240 1468 terrae
1260 1431 1406 1467 salubri

226 1499 426 1545 utrimque
449 1498 624 1532 mixtura
645 1494 799 1531 fertiles
822 1493 872 1530 ad
894 1496 1026 1529 omnia
1045 1498 1212 1536 tractus,
1234 1492 1406 1529 modicos

222 1570 432 1606 corporum
453 1556 612 1593 habitus
634 1568 780 1605 magna
802 1561 843 1591 et
865 1558 904 1590 in
924 1554 1056 1590 colore
1077 1555 1288 1602 temperie,
1307 1555 1405 1589 ritus

278 1642 290 1661 ¹
316 1652 457 1672 occasus
471 1646 506 1672 et
521 1641 595 1671 add.
613 1640 791 1671 Rackham.
945 1639 957 1657 ²
980 1638 1169 1670 Rackham:
1201 1637 1360 1669 solstitia.

277 1684 290 1703 ⁸
314 1685 504 1715 Rackham:
534 1685 728 1755 promsissa.l
758 1725 831 1757 Dal
845 1725 868 1765 f
947 1681 960 1699 ⁴
984 1681 1037 1713 v.l.
1055 1682 1132 1722 igm‘.

666 1736 716 1757 stc
732 1751 739 1757 .
833 1736 848 1756 e
865 1734 933 1756 sen.

267 1817 282 1832 ⁰
306 1813 333 1844 Ι
337 1823 364 1843 e.
386 1812 443 1842 the
463 1822 611 1842 summer
629 1811 773 1845 solstice,
794 1820 831 1841 as
849 1811 956 1840 often.

269 1855 282 1874 ὁ
304 1855 354 1886 ('.f
371 1855 477 1886 Galen
493 1855 530 1885 de
544 1853 809 1894 temperamentis
824 1852 878 1883 III
895 1853 928 1883 vi
945 1853 985 1883 72
1002 1850 1030 1883 εἶ
1045 1852 1104 1891 μὲν
1127 1851 1256 1891 ὁμαλῶς
1279 1849 1353 1902 ἔχει
1367 1849 1405 1882 τὸ

222 1901 314 1938 σῶμα
343 1901 400 1937 τῆς
422 1897 577 1937 κράσεως,
599 1910 648 1931 οις
671 1895 730 1936 μὲν
752 1895 850 1937 ἰσχνὰ
874 1896 914 1927 τὸ.
939 1894 1038 1937 σκέλη
1061 1893 1151 1936 ξηροὶ
1174 1893 1302 1928 πάντως
1326 1891 1405 1926 εἰσίν

223 1955 310 1981 ιγροι
327 1940 362 1972 δὲ
382 1940 430 1975 οἷς
447 1939 562 1981 παχέα.

222 2013 293 2049 320
