1471 2326
396 88 564 127 PLINY
577 102 586 126 t
636 88 901 125 NATURAL
936 87 1173 126 HISTORY

193 192 336 242 quibus
362 193 460 227 vinis
486 190 537 226 ad
563 203 674 226 sacra
703 192 762 226 uti
788 188 847 225 fas
872 201 951 225 non
980 192 1054 232 sit;
1087 189 1229 238 quibus
1255 201 1376 239 gene-

193 246 300 281 ribus
340 249 473 280 musta
514 242 716 285 condiant,
754 242 805 278 de
843 244 945 291 pice,
983 244 1132 278 resinis.
1200 242 1310 291 (xxvi
1331 241 1375 291 f.)

194 297 258 334 De
299 299 398 332 vasis
436 298 607 339 vinariis,
645 295 695 331 de
733 300 862 337 aceto,
899 294 949 331 de
995 294 1122 337 faece,
1159 294 1209 330 de
1255 294 1374 331 cellis.

194 351 332 398 (xxviii
352 348 396 398 f.)
450 348 513 384 De
548 348 770 390 ebrietate3
808 360 857 383 ex
886 360 990 396 aqua
1021 352 1064 383 et
1091 346 1271 397 frugibus
1297 349 1375 383 vini

193 404 272 438 vim
287 402 383 438 fieri.
452 400 637 437 Summa:
665 413 727 436 res
747 405 789 436 et
808 399 996 436 historiae
1016 405 1058 436 et
1077 400 1373 437 observationes

246 507 307 542 Ex
321 505 548 542 auctoribus
562 518 571 541 :
604 504 786 541 Cornelio
802 504 1025 548 Valeriano,
1043 504 1232 555 Vergilio,
1249 504 1377 549 Celso,

195 559 348 595 Catone
377 560 569 601 censorio,
597 557 774 593 Sasernis
801 563 917 607 patre
946 564 988 594 et
1017 557 1109 601 filio,
1138 557 1287 602 Scrofa,
1318 557 1375 594 M.

194 611 386 655 Varrone,
416 610 467 647 D.
498 610 644 654 Silano,
675 610 797 646 Fabio
827 609 998 654 Pictore,
1026 610 1170 660 Trogo,
1200 610 1375 660 Hygino,

196 663 337 700 Flacco
375 663 528 707 Verrio,
567 663 778 706 Graecino‚
816 664 954 699 Attico
994 662 1107 706 Iulio,
1146 663 1378 707 Columella,

196 716 375 753 Masurio
396 715 556 759 Sabino,
577 716 817 759 Fenestella,
836 715 1022 766 Tergilla,
1044 715 1200 752 Maecio
1221 714 1376 760 Plauto,

196 769 318 805 Fabio
336 769 559 812 DossennO,
574 767 776 812 Scaevola,
800 768 844 805 L.
869 769 998 812 Aelio,
1022 770 1142 805 Ateio
1165 769 1374 818 Capitone,

195 822 316 858 Cotta
370 821 601 865 Messalino,
654 821 698 857 L.
753 820 908 865 Pisone,
961 820 1150 871 Pompeio
1203 821 1377 865 Lenaeo,

195 874 384 917 Fabiano,
430 873 568 910 Sextio
614 873 752 924 Nigro,
798 874 913 910 Vibio
959 874 1113 910 Rufino.
1168 874 1378 911 Externis:

195 927 385 970 Hesiodo,
416 926 706 975 Theophrasto,
738 927 972 971 Aristotele,
1004 927 1250 971 Democrito,
1282 927 1377 964 Hie-

193 993 289 1016 rone
315 993 425 1029 rege,
451 979 591 1015 Attalo
616 992 726 1029 rege,
752 978 1022 1016 Philometore
1047 993 1158 1029 rege,
1183 979 1377 1030 Archyta,

193 1031 477 1081 Xenophonte,
485 1030 748 1081 Amphilocho
760 1031 987 1076 Athenaeo,
999 1033 1212 1082 Anaxipoli
1219 1031 1376 1077 Thasio,

194 1085 435 1134 Apollodoro
465 1085 646 1128 Lemnio,
674 1084 941 1134 Aristophane
973 1085 1144 1128 Milesio,
1172 1086 1376 1135 Antigono

196 1138 386 1187 Cymaeo,
432 1137 656 1187 Agathocle
702 1137 814 1181 Chio,
859 1138 1069 1187 Apollonio
1115 1136 1377 1188 Pergameno,

195 1191 432 1227 Aristandro
448 1190 675 1234 Athenaeo,
690 1190 859 1227 Bacchio
876 1190 1048 1235 Milesio,
1062 1190 1185 1227 Bione
1201 1191 1376 1235 Solense,

196 1243 376 1280 Chaerea
402 1243 666 1287 Atheniense,
693 1243 900 1280 Chaeristo
926 1246 1039 1287 item,
1067 1243 1242 1280 Diodoro
1270 1243 1376 1281 Prie-

195 1309 310 1340 naeo,
332 1297 489 1332 Dinone
513 1295 772 1345 Colophonio,
794 1296 974 1346 Epigene
997 1295 1165 1340 Rhodio,
1185 1297 1375 1347 Evagone

193 1348 352 1392 Thasio,
393 1348 622 1398 Euphronio
662 1348 889 1392 Athenaeo,
929 1349 1177 1386 Androtione
1218 1352 1285 1399 qui
1325 1350 1375 1386 de

191 1401 434 1450 agricultura
455 1404 625 1451 scripsit,
646 1401 890 1438 Aeschrione
913 1405 979 1451 qui
1000 1404 1114 1446 item,
1137 1402 1374 1451 Lysimacho

191 1457 258 1503 qui
273 1457 385 1498 item,
401 1454 593 1504 Dionysio
607 1457 673 1504 qui
691 1454 910 1504 Magonem
923 1455 1144 1499 transtulit,
1160 1455 1372 1505 Diophane

191 1509 257 1555 qui
283 1520 333 1543 ex
358 1507 551 1557 Dionysio
575 1510 779 1556 epitomen
803 1506 914 1551 fecit,
938 1507 1177 1557 Asclepiade
1202 1508 1372 1553 medico,

191 1560 432 1596 Erasistrato
461 1562 574 1603 item,
603 1560 849 1603 Commiade,
879 1563 945 1610 qui
975 1560 1025 1597 de
1054 1561 1265 1597 conditura
1293 1563 1372 1597 vini

190 1615 361 1661 scripsit,
398 1612 676 1649 Aristomacho
713 1616 779 1662 qui
816 1616 929 1657 item,
966 1613 1126 1650 Hicesio
1163 1616 1230 1663 qui
1258 1616 1371 1657 item,

190 1664 429 1701 Themisone
448 1666 617 1709 medico,
637 1666 877 1709 Onesicrito,
898 1666 998 1702 Iuba
1015 1679 1124 1716 rege,

244 1717 363 1754 Libro
418 1718 503 1754 XV.
559 1721 816 1755 continentur
869 1725 1037 1755 naturae
1093 1718 1372 1768 frugiferarum

191 1771 389 1806 arborum.
444 1771 580 1820 (i—viii)
611 1771 674 1808 De
704 1771 813 1808 olea:
861 1771 1052 1821 quamdiu
1072 1772 1179 1821 apud
1199 1771 1373 1809 Graecos

191 1827 350 1859 tantum
377 1822 519 1866 fuerit3
559 1824 718 1873 quando
744 1827 916 1873 primum
941 1827 981 1860 in
1008 1824 1138 1867 Italia,
1165 1824 1370 1873 Hispania,

192 1874 329 1912 Africa
354 1888 440 1913 esse
466 1879 665 1926 coeperit;
705 1877 755 1914 de
782 1877 868 1914 oleo
894 1880 1077 1914 nationes
1103 1883 1145 1915 et
1170 1878 1370 1915 bonitates

188 2002 233 2039 72
