1471 2326
427 116 593 154 PLINY
608 131 617 155 ι
666 118 930 155 NATURAL
965 117 1201 156 HISTORY

226 219 416 262 ostendit,
435 222 475 255 in
496 219 638 256 Meroe
656 219 828 256 solstitio
846 222 1001 268 vesperi
1019 219 1220 268 paulisper
1239 219 1404 269 adparet

226 283 439 329 paucisque
465 286 559 317 ante
584 286 769 317 exortum
794 281 954 316 Arcturi
979 280 1116 316 diebus
1141 284 1292 329 pariter
1314 295 1403 317 cum

145 346 207 376 179
229 341 293 377 die
341 344 528 377 cernitur.
582 344 855 390 navigantium
901 340 1000 377 haec
1048 344 1222 378 maxime
1270 355 1404 379 cursus

146 1078 205 1108 180

226 401 545 450 deprehendunt,
577 404 617 438 in
650 402 727 437 alia
759 402 925 438 adverso
957 405 997 438 in
1029 402 1106 438 alia
1137 415 1261 451 prono
1293 405 1406 446 mari,

226 463 437 512 subitoque
463 466 682 512 conspicuis
709 468 831 512 atque
857 469 902 499 ut
929 476 950 499 e
975 462 1080 499 freto
1107 464 1404 513 emergentibus

227 537 328 573 quae
369 526 409 559 in
450 523 631 560 anfractu
671 523 776 573 pilae
816 523 974 560 latuere
1014 523 1220 560 sideribus.
1274 537 1405 574 neque

232 587 350 628 enim,
366 591 410 621 ut
430 584 568 621 dixere
588 584 722 634 aliqui,
737 584 906 621 mundus
927 584 1000 621 hoc
1019 584 1111 634 polo
1132 585 1348 621 excelsiore
1363 598 1405 622 se

224 646 388 688 attollit,
408 652 478 683 aut
494 645 507 668 1
524 645 698 694 undique
718 651 979 682 cernerentur
989 645 1088 682 haec
1101 645 1231 682 sidera
1244 657 1253 688 3
1268 659 1405 682 verum

224 705 322 743 haec
340 706 481 743 eadem
499 707 720 756 quibusque
736 709 927 755 proximis
944 706 1175 742 sublimiora
1189 706 1406 743 ereduntur

228 767 449 817 eademque
491 767 677 804 demersa
717 767 956 816 longinquis,
996 773 1121 816 utque
1173 780 1276 803 nunc
1315 768 1407 803 sub-

227 829 327 865 limis
357 831 395 865 in
424 828 557 865 deictu
597 831 734 877 positis
775 828 936 865 videtur
976 827 1038 864 hie
1076 833 1231 871 vertex,
1271 831 1326 864 sic
1366 831 1407 864 in

226 889 333 925 illam
351 895 486 926 terrae
505 889 778 926 devexitatem
795 892 1052 939 transgressis
1069 889 1137 925 illa
1154 902 1197 925 se
1217 889 1407 926 attollunt

225 950 489 987 residentibus
519 963 622 1000 quae
650 950 713 986 hic
742 950 900 986 excelsa
927 949 1102 993 fuerant,
1131 949 1237 999 quod
1265 953 1339 986 nisi
1366 953 1407 986 in

228 1012 353 1061 figura
371 1011 475 1060 pilae
494 1011 674 1048 accidere
692 1024 772 1047 non
789 1017 936 1060 posset.

281 1072 447 1109 LXXII.
504 1072 600 1109 Ideo
625 1071 806 1109 defectus
831 1072 923 1108 solis
949 1085 993 1108 ac
1017 1072 1135 1109 lunae
1160 1075 1407 1121 vespertinos

227 1137 390 1170 orientis
433 1133 585 1170 incolae
627 1146 708 1169 non
747 1136 940 1177 sentiunt,
982 1146 1055 1169 nec
1097 1136 1313 1169 matutinos
1355 1133 1405 1170 ad

228 1208 410 1231 occasum
430 1194 672 1238 habitantes,
691 1194 930 1231 meridianos
950 1207 1045 1231 vero
1064 1197 1188 1231 serius
1208 1195 1319 1230 nobis
1339 1194 1407 1231 illi.

228 1256 334 1305 apud
348 1256 539 1292 Arbelam
552 1258 686 1305 magni
700 1255 918 1292 Alexandri
932 1258 1096 1292 victoria
1108 1255 1201 1291 luna
1215 1255 1408 1292 defecisse

227 1320 352 1353 noetis
375 1316 549 1353 secunda
571 1316 669 1353 hora
691 1322 753 1353 est
774 1316 948 1365 prodita,
971 1316 1193 1365 eademque
1215 1319 1256 1352 in
1277 1315 1408 1352 Sicilia

228 1381 421 1415 exoriens.
475 1378 567 1414 solis
596 1377 800 1414 defectum
823 1377 1016 1426 Vipstano
1041 1383 1083 1414 et
1106 1377 1272 1414 Fonteio
1295 1391 1409 1421 coss.‚

227 1442 294 1488 qui
316 1438 429 1475 fuere
449 1444 544 1475 ante
564 1451 709 1488 paucos
731 1451 868 1482 annos,
887 1437 1038 1474 factum
1064 1438 1191 1487 pridie
1216 1438 1406 1475 kalendas

230 1500 358 1536 Maias
377 1500 594 1549 Campania
609 1499 707 1536 hora
723 1499 801 1536 diei
818 1502 923 1536 inter
938 1502 1151 1548 septimam
1167 1505 1210 1536 et
1225 1505 1406 1536 octavam

227 1564 365 1605 sensit,
399 1561 573 1598 Corbulo
607 1560 688 1597 dux
722 1563 762 1596 in
795 1561 987 1596 Armenia
1019 1563 1125 1597 inter
1157 1559 1296 1596 horam
1330 1560 1408 1597 diei

230 1621 426 1658 decimam
469 1628 510 1658 et
551 1621 803 1658 undecimam
845 1621 1020 1671 prodidit
1061 1623 1201 1664 visum,
1241 1623 1407 1657 circuitu

227 1683 334 1733 globi
349 1683 425 1719 alia
440 1683 524 1719 aliis
539 1682 758 1733 detegente
775 1688 815 1719 et
830 1682 1069 1719 occultante.
1123 1681 1230 1732 quod
1243 1684 1275 1718 si
1288 1681 1406 1731 plana

641 1777 653 1796 1
676 1777 725 1807 ita
739 1780 779 1807 ut
795 1776 957 1816 Mayhoff.

272 1883 287 1897 ‘²
308 1879 356 1910 As
372 1890 391 1910 a
408 1882 537 1910 matter
549 1879 585 1909 of
605 1878 676 1909 fact
698 1877 758 1908 the
775 1877 899 1918 eclipse
915 1888 984 1909 was
1000 1887 1045 1908 on
1061 1878 1155 1918 Sept.
1173 1878 1226 1914 20,
1244 1878 1306 1909 331
1327 1885 1404 1915 B.c.,

227 1921 446 1996 elqvinDdagbs
464 1921 577 1952 before
594 1920 652 1952 the
670 1920 790 1952 battle.

226 2028 295 2064 312
