1471 2326
397 137 564 177 PLINY
578 152 587 176 :
637 139 901 178 NATURAL
935 140 1172 179 HISTORY

194 241 353 276 maioris
372 240 549 277 miraculi
569 240 819 277 divinitatem
834 241 1099 292 Anaxagorae
1113 241 1248 286 fuisse,
1261 242 1374 279 solvi·

198 305 276 341 que
298 306 432 329 rerum
452 299 621 330 naturae
643 294 894 331 intellectum
918 300 959 331 et
980 294 1167 332 confundi
1189 299 1322 332 omnia
1341 298 1373 332 si

198 351 268 381 aut
295 348 380 394 ipse
406 345 466 382 sol
490 346 589 395 lapis
619 359 705 383 esse
732 353 802 383 aut
829 360 1019 396 umquam
1051 347 1225 397 lapidem
1257 351 1298 384 in
1325 361 1373 385 eo

197 397 317 434 fuisse
355 398 552 435 credatur.
606 399 792 436 decidere
829 405 967 436 tamen
1003 401 1144 437 crebro
1181 414 1261 437 non
1298 404 1374 438 erit

114 454 176 485 150
199 450 374 488 dubium.
428 454 469 488 in
503 452 636 501 Abydi
671 455 877 502 gymnasio
913 466 963 489 ex
999 466 1046 489 ea
1080 466 1198 489 causa
1231 453 1374 490 colitur

196 502 395 553 hodieque
440 505 616 541 modicus
664 505 825 554 quidem
871 505 941 542 sed
988 519 1108 555 quem
1153 509 1194 542 in
1239 506 1372 543 medio

195 561 395 593 terrarum
441 570 623 594 casurum
670 558 777 594 idem
824 559 1083 608 Anaxagoras
1130 559 1374 608 praedixisse

195 615 392 646 narratur.
445 610 589 647 colitur
633 616 675 647 et
719 610 992 655 Cassandriae,
1036 625 1138 661 quae
1182 612 1374 649 Potidaea

195 664 369 698 vocitata
411 669 486 706 est,
527 663 577 699 ob
618 663 659 699 id
700 663 909 700 deductae.
971 677 1045 714 ego
1087 667 1170 714 ipse
1213 665 1290 701 vidi
1332 668 1373 701 in

193 713 476 752 Vocontiorum
497 729 592 766 agro
612 716 729 765 paulo
750 722 844 753 ante
864 717 1102 766 delapsum}

247 767 331 804 LX.
384 769 510 805 Arcus
536 782 718 805 vocamus
745 776 861 806 extra
884 769 1117 806 miraculum
1141 769 1373 819 frequentes

195 825 237 857 et
275 826 391 858 extra
426 827 652 864 ostentum3
702 835 795 858 nam
831 835 881 858 ne
917 822 1069 871 pluvios
1106 823 1267 871 quidem
1303 828 1373 861 aut

193 885 354 910 serenos
381 873 465 911 dies
492 888 582 911 cum
613 875 691 911 fide
714 875 973 924 portendunt.
1027 875 1284 912 manifestum
1312 881 1374 913 est

192 926 348 962 radium
380 927 473 963 solis
506 930 711 964 inmissum
745 941 864 964 cavae
898 929 993 964 nubi
1025 928 1184 978 repulsa
1216 932 1300 965 acie
1332 932 1373 965 in

192 979 318 1015 solem
369 979 549 1030 refringi,
600 981 858 1030 colorumque
910 984 1148 1018 varietatem
1200 984 1375 1018 mixtura

192 1032 372 1076 nubium,
398 1035 562 1082 ignium,
590 1036 691 1070 aeris
720 1034 817 1070 fieri.
870 1039 981 1071 certe
1004 1037 1077 1070 m'si
1100 1034 1182 1071 sole
1206 1034 1372 1072 adverso

192 1097 272 1121 non
291 1085 404 1129 fiunt,
421 1099 494 1122 nec
513 1099 702 1136 umquam
719 1090 793 1123 nisi
810 1087 972 1123 dimidia
989 1087 1124 1123 circuli
1140 1086 1282 1131 forma,
1298 1100 1373 1124 nec

195 1143 330 1181 noctu,
355 1142 532 1187 quamw's
557 1139 796 1176 Aristoteles
825 1140 968 1189 prodat
998 1140 1208 1189 aliquando
1232 1143 1372 1184 visum,

194 1190 300 1239 quod
331 1196 469 1228 tamen
500 1191 652 1229 fatetur
684 1192 790 1229 idem
822 1206 902 1229 non
933 1196 1007 1228 m‘si
1039 1193 1371 1242 quartadecima2

108 1247 169 1279 161
195 1242 288 1279 luna
325 1244 411 1280 fieri
446 1258 574 1294 posse.
630 1245 730 1282 fiunt
768 1252 903 1282 autem
940 1245 1072 1282 hieme
1109 1249 1282 1282 maxime
1320 1246 1371 1283 ab

191 1299 443 1345 aequinoctio
471 1298 691 1334 autumnali
719 1298 782 1335 die
811 1298 1092 1341 decrescente3
1134 1312 1211 1348 quo
1238 1312 1370 1335 rursus

190 1356 398 1386 crescente
427 1351 477 1387 ab
507 1354 758 1400 aequinoctio
787 1364 910 1388 verno
939 1365 1018 1387 non
1049 1354 1262 1395 exsistunt,
1290 1365 1366 1389 nec

197 1404 302 1438 circa
330 1403 546 1440 solstitium
574 1404 811 1454 longissimis
841 1404 993 1447 diebus,
1022 1405 1163 1440 bruma
1192 1418 1286 1441 vero
1315 1404 1372 1455 [id

191 1461 252 1492 est
274 1455 513 1493 brexissimis
529 1456 562 1507 ³]
585 1456 843 1507 frequentem
879 1457 998 1494 iidem
1022 1457 1210 1494 sublimes
1233 1457 1371 1494 humili

415 1558 428 1578 ¹
453 1558 642 1589 Rackham:
676 1558 838 1590 delatum.

415 1601 427 1619 ²
451 1600 520 1631 edd.
536 1603 585 1640 (=
605 1601 703 1638 XIV)
720 1614 726 1632 ε
755 1602 925 1632 tricesima
939 1603 988 1641 (=
1007 1601 1141 1639 XXX).

413 1641 426 1660 ³
449 1643 589 1674 Sedusit
604 1644 766 1684 Maykoff.

232 1776 246 1790 ‘¹
271 1772 451 1802 ‘Potidaea
461 1772 468 1784 ’
479 1772 566 1803 from
577 1772 653 1804 ποτί
660 1787 694 1798 =
705 1773 782 1813 πρός
799 1773 866 1803 and
883 1773 1012 1812 δαίομαι
1026 1776 1077 1804 ‘bo
1091 1773 1195 1804 burn'
1206 1773 1367 1812 (Brotier)

233 1814 245 1833 δ
268 1814 339 1845 The
355 1814 448 1846 MSS.
465 1816 543 1855 give
560 1814 567 1826 ‘
584 1815 731 1856 brought
747 1816 782 1846 in
799 1815 805 1827 '
823 1815 924 1853 (from
941 1816 1000 1846 the
1017 1818 1186 1856 country).

230 1862 241 1876 ⁶
264 1857 437 1894 Aristotlffi
459 1858 717 1897 flleteoroloqica,
738 1857 804 1894 ΠΙ,
828 1859 860 1894 ii,
884 1859 980 1895 372a,
1001 1859 1041 1889 27
1063 1857 1097 1889 ἐν
1117 1861 1158 1898 τῇ
1179 1858 1368 1899 πανσελήνῳ

185 1900 358 1940 (meaning
374 1910 442 1940 any
457 1901 541 1931 time
556 1900 653 1931 when
670 1900 728 1931 the
745 1910 846 1932 moon
863 1901 890 1931 is
907 1910 1000 1931 more
1016 1901 1101 1931 than
1118 1905 1155 1932 at
1171 1901 1270 1939 half).

229 1942 243 1960 ‘²
267 1942 338 1972 The
354 1942 499 1973 omitted
517 1943 628 1973 clause
649 1942 656 1954 ‘
673 1943 750 1974 that
774 1944 811 1979 is,
837 1947 874 1974 at,
897 1943 956 1974 the
976 1943 1124 1974 shortest
1144 1943 1229 1985 days
1245 1943 1252 1955 ’
1272 1942 1367 1974 looks

184 1984 251 2015 like
263 1995 283 2015 a
296 1985 511 2026 philological
523 1990 604 2016 note
617 1996 662 2016 on
675 1985 682 1997 ‘
700 1985 843 2017 bruma.’

181 2053 252 2089 286
