1471 2326
381 111 572 151 PLINY:
620 112 885 151 NATURAL
919 112 1156 151 HISTORY

98 218 163 251 236
236 213 318 251 CX.
372 214 522 251 Verum
551 217 593 251 in
621 217 818 251 montium
847 215 1045 251 miraculis
1076 215 1192 252 ardet
1222 215 1355 253 Aetna

183 268 363 304 noctibus
391 281 564 317 semper,
589 274 785 317 tantoque
813 281 910 305 aevo
936 269 1177 305 materiam1
1204 271 1356 319 ignium

181 321 337 365 sufficit,
384 321 522 357 nivalis
571 320 746 357 hibernis
795 322 1042 370 temporibus
1093 327 1356 372 egestumque

181 377 356 411 cinerem
385 377 534 424 pruinis
564 377 759 424 operiens.
819 387 891 412 nee
919 374 987 411 illo
1021 380 1181 411 tantum
1215 381 1358 412 natura

182 430 308 464 saevit
357 431 607 464 exustionem
654 430 774 464 terris
822 428 1073 465 denuntians.
1127 428 1271 478 flagrat
1317 431 1358 465 in

183 480 393 518 Phaselitis
438 494 549 517 mons
595 480 820 524 Chimaera,
865 487 906 517 et
951 481 1111 530 quidem
1155 481 1357 518 inmortali

182 533 321 571 diebus
361 547 406 570 ac
445 535 625 570 noctibus
665 533 834 571 flamma.
898 537 1033 584 ignem
1073 537 1155 571 eius
1195 535 1356 572 accendi

183 600 300 637 aqua,
325 590 504 637 extingui
527 600 621 624 vero
643 593 754 624 terra
777 594 846 624 aut
871 587 962 624 fimo
978 588 993 610 2
1017 587 1177 624 Cnidius
1202 588 1356 625 Ctesias

182 640 318 678 tradit.
374 641 516 677 eadem
550 644 592 677 in
628 640 750 691 Lycia
786 640 1010 690 Hephaesti
1044 646 1201 678 montes
1236 641 1358 678 taeda

182 694 414 730 flammante
446 696 546 731 tacti
578 693 764 744 flagrant,
797 694 897 731 adeo
930 700 976 731 ut
1012 694 1163 744 lapides
1197 708 1358 744 quoque

180 750 353 784 rivorum
378 753 419 784 et
441 746 615 784 harenae
638 750 679 784 in
701 750 793 797 ipsis
818 750 929 797 aquis
953 747 1135 791 ardeant,
1158 747 1358 798 aliturque

181 803 282 851 ignis
295 800 361 838 ille
376 801 528 850 pluviis.
570 800 711 837 baculo
725 803 757 837 si
772 804 857 850 quis
873 814 923 838 ex
935 800 996 838 his
1011 813 1175 838 accenso
1190 804 1360 839 traxerit

98 857 162 890 237
186 854 352 898 sulcum,
396 857 497 891 rivos
543 857 695 904 ignium
740 857 852 904 sequi
899 860 1075 891 narrant.
1129 854 1274 904 flagrat
1318 857 1359 891 in

182 907 334 944 Bactris
353 907 551 957 Cophanti
569 908 750 944 noctibus
769 914 925 951 vertex,
943 907 1087 957 flagrat
1104 910 1146 944 in
1165 907 1297 944 Medis
1317 913 1359 945 et

182 964 223 997 in
261 960 496 1005 Sittacene,3
532 961 700 998 confinio
739 960 925 1005 Persidis,
963 960 1068 998 Susis
1107 961 1268 1011 quidem
1307 961 1359 998 ad

180 1014 337 1051 Turrim
361 1014 507 1051 Albam
523 1014 748 1064 quindecim
763 1017 939 1058 caminis,
958 1017 1134 1052 maximo
1159 1028 1296 1051 eorum
1317 1020 1359 1052 et

179 1068 366 1104 interdiu.
419 1081 580 1117 campus
623 1068 865 1118 Babyloniae
907 1068 1050 1118 flagrat
1084 1066 1140 1104 e⁴
1186 1067 1358 1118 quadam

180 1121 305 1158 veluti
327 1124 477 1170 piscina
500 1124 628 1171 iugeri
650 1122 949 1171 magnitudine3
988 1124 1087 1158 item
1110 1121 1357 1171 Aethiopum

181 1177 295 1211 iuxta
333 1174 574 1224 Hesperium
612 1181 792 1212 montem
829 1175 1038 1211 stellarum
1074 1175 1192 1212 modo
1230 1177 1359 1224 campi

181 1234 302 1265 noctu
327 1231 470 1265 nitent.
524 1229 707 1265 similiter
729 1231 769 1265 in
795 1228 1226 1278 Megalopolitanorum
1250 1242 1360 1278 agro,

180 1294 274 1318 nam
307 1284 340 1318 si
373 1285 589 1319 intermisit
621 1282 689 1318 ille
723 1282 915 1319 iucundus
949 1281 1213 1331 frondemque
1247 1282 1360 1319 densi

180 1348 301 1384 supra
314 1348 356 1372 se
369 1338 542 1372 nemoris
555 1348 636 1372 non
649 1335 818 1372 adurens
834 1341 875 1372 et
888 1338 1001 1372 iuxta
1013 1335 1191 1385 gelidum
1203 1334 1358 1372 fontem

180 1401 340 1438 semper
371 1389 513 1426 ardens
546 1388 771 1439 Nymphaei
801 1394 947 1433 crater,
978 1389 1063 1425 dira
1093 1388 1358 1438 Apolloniatis

180 1444 259 1478 suis
298 1443 517 1491 portendit,
556 1448 601 1479 ut
638 1442 916 1492 Theopompus
954 1442 1133 1479 tradidit.
1188 1448 1359 1492 augetur

180 1496 371 1532 imbribus
396 1499 605 1547 egeritque
626 1496 810 1533 bitumen
830 1495 1137 1545 temperandum
1158 1495 1270 1532 fonte
1290 1495 1359 1532 illo

180 1549 425 1599 ingustabili,
464 1555 506 1586 et
544 1550 639 1586 alias
679 1552 785 1586 omni
823 1550 1019 1586 bitumine
1056 1549 1231 1586 dilutius.
1285 1548 1356 1585 sed

95 1605 160 1638 238
182 1606 266 1653 quis
289 1602 386 1640 haec
404 1603 599 1640 miretur?
652 1606 692 1639 in
710 1603 842 1640 medio
861 1605 961 1639 mari
979 1603 1103 1639 Hiera
1123 1608 1165 1640 et
1185 1602 1330 1653 Lipara
1343 1601 1358 1626 ⁵

322 1706 335 1725 1
359 1705 550 1737 Rackham:
581 1706 736 1737 materia.

318 1749 331 1768 ²
356 1749 530 1789 Mayhoff:
561 1749 675 1780 faeno.

317 1791 330 1809 ³
354 1793 388 1823 in
402 1792 508 1823 Cissia
520 1795 620 1832 gente
635 1791 688 1833 (cf.
704 1791 784 1823 Hdt.
799 1792 829 1823 6.
846 1793 922 1831 119)
936 1791 1113 1833 Detlejse‘n.

319 1835 332 1853 4
355 1846 372 1866 e
389 1835 463 1866 add.
482 1835 645 1875 Mayhoff.

318 1878 330 1896 ⁵
354 1882 389 1909 et
406 1879 529 1918 Lipara
546 1877 620 1909 add.
640 1877 797 1918 Jlaylzoff
809 1877 878 1909 coll.
897 1877 1002 1909 Strab.
1020 1877 1081 1909 VI.
1096 1889 1132 1919 p.
1150 1878 1226 1909 277.

331 1990 345 2004 ⁴²
369 1987 411 2018 In
427 1987 542 2028 Lycia.
710 1985 723 2005 ι’
746 1985 833 2018 Now
848 1985 988 2027 Afghan
1002 1985 1208 2018 Turkestan.

178 2049 248 2097 362
