1471 2326
403 113 570 152 PLINY
585 127 594 151 z
643 113 908 151 NATURAL
942 112 1180 151 HISTORY

204 219 478 266 recipiensque
493 228 630 265 aquas,
645 221 686 252 et
701 214 888 265 quicquid
902 217 985 251 exit
999 217 1039 250 in
1053 214 1178 250 nubes
1193 226 1238 250 ac
1251 213 1382 250 sidera

206 284 289 329 ipsa
308 285 371 316 tot
392 292 437 316 ac
456 284 596 316 tantae
616 278 900 328 magnitudinis
920 291 1100 327 pascens,
1120 291 1197 327 quo
1217 277 1382 313 tandem

205 343 476 392 amplitudinis
506 345 635 392 spatio
666 341 854 378 credetur
883 340 1093 378 habitare?
1145 340 1312 390 inproba
1342 345 1384 377 et

123 412 185 443 172
208 406 362 443 infinita
380 406 504 442 debet
524 419 610 442 esse
629 411 714 442 tam
733 411 869 441 vastae
888 404 1002 440 molis
1021 407 1227 454 possessio.
1282 403 1384 439 adde

206 469 313 519 quod
335 483 383 506 ex
404 469 544 506 relicto
565 468 652 518 plus
675 468 840 505 abstulit
861 467 1027 504 caelum.
1082 480 1174 503 nam
1195 480 1285 503 cum
1305 469 1385 503 sint

207 536 289 570 eius
310 536 483 582 quinque
501 538 650 581 partes,
668 545 765 581 quas
782 537 926 568 vocant
943 544 1075 574 zonas,
1093 529 1238 567 infesto
1254 533 1386 580 rigore

208 602 249 633 et
263 602 429 633 aeterno
442 595 536 646 gelu
548 598 745 645 premitur
758 608 875 631 omne
889 594 1075 644 quicquid
1089 600 1150 631 est
1162 593 1386 630 subiectum

207 660 359 696 duabus
390 662 580 696 extremis
610 661 813 708 utrimque
842 661 946 694 circa
974 661 1159 701 vertices,
1186 656 1290 693 hunc
1320 658 1386 706 qui

206 726 382 760 trionum
415 729 573 772 septem
606 728 769 759 vocatur
804 734 975 771 eumque
1010 723 1077 770 qui
1111 720 1298 757 adversus
1331 719 1388 756 illi

207 790 406 823 austrinus
452 786 690 836 appellatur.
770 790 967 834 perpetua
1008 784 1135 834 caligo
1175 783 1388 833 utrobique

208 856 250 887 et
283 850 412 886 alieno
445 849 671 886 molliorum
703 848 879 885 siderum
912 848 1104 897 adspectu
1136 847 1310 897 maligna
1343 859 1387 883 ae

207 916 349 963 pruina
375 918 534 950 tantum
562 912 734 949 albicans
762 911 842 948 lux.
895 911 1027 948 media
1054 924 1148 948 vero
1174 916 1388 954 terrarum,

209 990 288 1026 qua
325 976 418 1013 solis
457 977 588 1013 orbita
627 981 703 1019 est,
742 981 885 1012 exusta
924 974 1091 1011 flammis
1131 980 1173 1011 et
1210 979 1389 1011 cremata

208 1043 425 1077 comminus
448 1053 594 1089 vapore
613 1044 804 1076 torretur.
857 1041 961 1075 circa
981 1038 1085 1075 duae
1104 1043 1264 1075 tantum
1284 1040 1390 1074 inter

210 1109 393 1140 exustam
439 1109 481 1140 et
523 1106 701 1153 rigentes
744 1108 1038 1151 temperantur,
1084 1114 1235 1151 eaeque
1279 1103 1388 1150 ipsae

209 1170 314 1204 inter
330 1180 372 1204 se
390 1180 470 1204 non
486 1169 646 1216 perviae
663 1172 828 1216 propter
844 1165 1070 1202 incendium
1087 1164 1237 1201 sideris.

127 1235 189 1267 173
264 1230 328 1267 Ita
339 1236 473 1268 terrae
484 1236 567 1267 tres
580 1235 714 1279 partes
726 1229 890 1266 abstulit
900 1228 1068 1266 caelum.
1105 1230 1240 1265 oceani
1250 1230 1388 1277 rapina

209 1297 251 1330 in
261 1297 414 1331 incerto
429 1300 490 1330 est
503 1306 512 1337 3
538 1293 609 1330 sed
623 1299 665 1330 et
676 1293 817 1329 relicta
830 1293 941 1329 nobis
956 1305 1034 1328 una
1046 1295 1177 1341 portio
1190 1291 1297 1328 haud
1309 1294 1389 1328 scio

211 1370 261 1394 an
279 1361 400 1394 etiam
417 1360 457 1393 in
472 1360 622 1393 maiore
640 1356 785 1393 damno
801 1359 866 1399 sit,
882 1355 988 1392 idem
1005 1355 1201 1404 siquidem
1218 1367 1388 1391 oceanus

210 1420 359 1458 infusus
399 1424 439 1457 in
477 1420 637 1464 multos,
676 1425 721 1456 ut
761 1419 950 1462 dicemus,
978 1422 1083 1455 sinus
1124 1418 1224 1455 adeo
1264 1421 1389 1455 vicino

211 1498 371 1521 accessu
393 1488 551 1521 interna
572 1486 697 1520 maria
719 1483 893 1520 adlatrat
914 1488 959 1519 ut
981 1488 1143 1519 centum
1165 1481 1389 1531 quindecim

210 1548 367 1585 milibus
395 1561 582 1598 passuum
608 1547 800 1584 Arabicus
827 1549 933 1582 sinus
961 1546 1083 1582 distet
1110 1546 1160 1581 ab
1186 1546 1389 1595 Aegyptio

208 1614 322 1655 mari,
355 1611 518 1661 Caspius
553 1624 648 1648 vero
682 1609 931 1647 CCCLXXV
963 1609 1121 1646 milibus
1155 1622 1178 1645 a
1212 1608 1389 1652 Pontico,

212 1675 318 1712 idem
342 1675 558 1712 interfusus
583 1677 689 1710 intra
713 1687 786 1723 per
810 1679 872 1710 tot
896 1675 1022 1709 maria
1047 1673 1187 1722 quibus
1214 1671 1389 1708 Africam

212 1738 413 1788 Europam
434 1739 569 1775 Asiam
590 1738 791 1787 dispescit,
812 1743 1005 1787 quantum
1028 1742 1227 1773 terrarum
1250 1748 1390 1785 occup-

129 1807 192 1839 174
217 1802 286 1839 at?
339 1802 591 1852 Conputetur
639 1804 858 1838 etiamnum
873 1801 886 1823 ¹
924 1812 1111 1836 mensura
1156 1805 1219 1836 tot
1265 1798 1390 1835 flumi-

567 1870 580 1890 1
603 1870 760 1910 ,Maylzoff
771 1882 778 1901 :
807 1871 912 1900 etiam
928 1879 1028 1900 nunc.

301 1952 315 1966 '³
338 1949 397 1980 Le.
416 1948 597 1991 especially
612 1948 672 1979 the
688 1958 760 1979 sun.
938 1945 950 1965 ¹³
974 1946 1089 1978 Books
1107 1946 1162 1977 III
1179 1946 1248 1977 foll.

635 1995 647 2010 2
668 1990 718 2022 Cf.
736 1992 750 2030 ἓ
769 1991 830 2022 167
847 1993 939 2021 note.

210 2037 281 2085 306
