1471 2326
391 106 558 146 PLINY
571 120 581 145 :
629 108 893 146 NATURAL
927 107 1163 146 HISTORY

188 209 340 246 insulae
362 209 528 246 Aeoliae
549 212 662 247 iuxta
685 209 843 246 Italiam
865 223 955 247 cum
975 212 1060 259 ipso
1081 213 1180 247 mari
1202 210 1362 249 arsere¹

189 284 262 320 per
287 271 437 320 aliquot
463 271 546 307 dies
572 271 704 308 sociali
730 270 852 315 bello,
877 271 1003 308 donec
1027 271 1176 322 legatio
1200 278 1362 309 senatus

190 334 324 381 piavit.
395 335 569 368 maximo
628 338 766 369 tamen
821 331 935 369 ardet
990 332 1171 370 incendio
1225 333 1362 372 Theon

191 392 369 430 Ochema
409 393 560 430 dictum
601 393 847 443 Aethiopum
888 396 1039 444 iugum,
1079 400 1362 445 torrentesque

190 454 281 491 solis
302 454 506 491 ardoribus
528 454 704 491 flammas
727 457 867 504 egerit.

240 516 317 552 Tot
333 515 441 560 locis,
457 522 519 553 tot
537 516 725 553 incendiis
743 529 877 553 rerum
894 522 1038 553 natura
1053 521 1181 554 terras
1198 523 1350 555 cremat

106 581 171 614 239
245 577 348 614 CXI.
403 577 619 614 Praeterea
633 591 723 614 cum
737 580 789 614 sit
803 577 918 614 huius
934 580 1046 614 unius
1061 577 1249 615 elementi
1262 581 1366 617 ratio

192 638 376 682 fecunda,
412 652 534 688 seque
572 642 657 688 ipsa
693 642 824 688 pariat
862 645 904 676 et
940 642 1112 676 minimis
1149 645 1305 676 creseat
1342 652 1366 677 a

189 700 383 744 scintillis,
403 700 496 750 quid
515 699 600 737 fore
619 700 841 750 putandum
861 706 923 737 est
941 703 982 737 in
999 706 1062 738 tot
1079 704 1184 751 rogis
1202 700 1365 738 terrae?

191 774 294 811 quae
315 767 376 798 est
395 762 463 797 illa
482 767 627 798 natura
647 775 748 811 quae
768 765 1030 798 voracitatem
1049 765 1090 798 in
1108 767 1197 799 toto
1215 762 1365 799 mundo

191 822 456 859 avidissimam
483 826 567 860 sine
595 823 740 860 damno
773 826 832 859 sui
858 823 1012 872 pascit?
1081 823 1279 860 addantur
1306 823 1366 860 his

191 884 323 920 sidera
358 887 567 921 innumera
603 888 823 935 ingensque
859 885 931 928 sol,
967 884 1166 922 addantur
1200 884 1366 922 humani

193 948 303 995 ignes
339 951 380 982 et
412 946 591 996 lapidum
627 959 785 996 quoque
818 949 926 983 insiti
958 952 1125 983 naturae
1158 949 1366 996 attritique

190 1009 295 1043 inter
326 1020 368 1044 se
399 1007 509 1057 ligni,
541 1010 619 1043 iam
651 1008 816 1044 nubium
849 1013 890 1044 et
927 1010 1097 1057 origines
1134 1006 1367 1045 fulminum:

192 1068 362 1105 excedet
387 1068 569 1118 profecto
594 1069 784 1105 miracula
809 1071 940 1105 omnia
965 1069 1090 1105 ullum
1116 1069 1221 1106 diem
1246 1068 1366 1106 fuisse

192 1142 270 1179 quo
297 1143 377 1166 non
402 1136 546 1167 cuncta
571 1130 879 1181 conflagrarent,
904 1143 994 1167 cum
1019 1130 1180 1180 specula
1206 1143 1364 1180 quoque

191 1204 362 1227 concava
385 1192 552 1228 adversa
573 1192 665 1228 solis
687 1192 804 1228 radiis
828 1191 978 1228 facilius
1003 1195 1125 1228 etiam
1147 1192 1367 1229 accendant

108 1256 172 1288 240
196 1266 314 1302 quam
348 1253 448 1289 ullus
487 1253 585 1291 alius
623 1256 735 1303 ignis.
791 1253 886 1303 quid
918 1253 1025 1303 quod
1060 1253 1367 1290 innumerabiles

191 1317 300 1363 parvi
328 1314 399 1351 sed
427 1314 628 1351 naturales
657 1314 841 1352 scatent?
895 1318 936 1351 in
964 1314 1200 1365 Nymphaeo
1229 1317 1314 1351 exit
1346 1327 1368 1352 e

192 1381 309 1425 petra
339 1375 497 1412 flamma
527 1389 629 1426 quae
659 1376 800 1426 pluviis
831 1376 1083 1419 accenditur3
1129 1379 1213 1412 exit
1243 1381 1285 1413 et
1315 1375 1366 1413 ad

193 1450 314 1486 aquas
343 1437 535 1481 Scantias,
562 1437 660 1474 haec
688 1437 850 1488 quidem
876 1437 1061 1481 invalida,
1088 1451 1179 1474 cum
1205 1441 1367 1481 transit,

193 1512 266 1535 nec
284 1499 401 1549 longe
420 1502 460 1535 in
479 1499 556 1536 alia
573 1499 718 1536 durans
736 1502 928 1536 materia:
962 1502 1064 1536 viret
1082 1505 1247 1536 aeterno
1264 1498 1368 1536 hunc

192 1559 344 1597 fontem
360 1564 520 1611 igneum
535 1567 751 1611 contegens
765 1560 940 1597 fraxinus
955 1572 964 1604 3
989 1563 1071 1597 exit
1086 1563 1126 1596 in
1148 1560 1368 1597 Mutinensi

192 1634 289 1672 agro
309 1625 423 1659 statis
444 1622 618 1659 Volcano
639 1623 789 1660 diebus.
842 1624 1041 1672 reperitur
1061 1621 1167 1671 apud
1187 1627 1368 1659 auctores

492 1700 504 1720 ¹
531 1699 582 1732 v.l.
600 1699 711 1731 insula
727 1699 846 1731 Aeolia
871 1723 878 1731 .
905 1724 912 1731 .
939 1724 946 1731 .
963 1700 1058 1731 arsit.

236 1807 250 1822 ‘¹
273 1802 446 1844 Probably
462 1803 584 1834 Mount
600 1802 790 1834 Kakulima
802 1803 837 1834 in
853 1802 948 1834 West
963 1802 1080 1833 Africa
1097 1802 1173 1842 (not
1189 1801 1368 1844 Ethiopia)

192 1846 220 1879 is
238 1845 382 1877 referred
398 1850 445 1877 to.

237 1888 250 1907 ὃ
275 1888 320 1919 Or
338 1888 490 1929 possibly
509 1892 676 1920 ‘eoncave
691 1888 821 1919 lomes?

235 1936 248 1952 ⁶
270 1931 309 1962 In
328 1932 474 1963 Latium.
634 1930 648 1950 '³
672 1931 713 1962 In
730 1931 928 1972 Campania.

238 1979 250 1994 θ
272 1975 343 2005 The
357 1975 383 2005 F
386 1979 459 2006 east
473 1974 511 2006 of
523 1974 650 2006 Vulcan
665 1975 700 2005 in
714 1974 859 2016 August.

193 2028 264 2076 36⁴
