1471 2326
117 860 161 892 65

116 1412 159 1444 66

390 137 581 177 PLINY:
629 138 892 177 NATURAL
926 138 1163 177 HISTORY

184 243 428 291 capricorno,
444 241 562 278 lunae
585 243 626 277 in
647 239 796 287 tauro,1
815 241 954 278 mediis
973 245 1148 279 omnium
1170 243 1364 293 partibus,

186 308 228 339 et
251 316 272 339 e
293 305 492 339 contrario
513 301 759 339 humillimae
781 308 903 352 atque
925 303 976 340 ad
995 309 1130 340 terrae
1151 310 1333 341 centrum
1349 304 1366 328 ²

185 366 402 414 proximae.
455 366 510 400 sic
552 364 597 401 fit
637 369 684 401 ut
723 364 875 401 tardius
915 367 1067 401 moveri
1108 370 1151 402 et
1190 368 1363 403 minores

186 425 395 462 videantur
423 438 513 462 cum
542 425 735 462 altissimo
759 426 912 462 ambitu
934 425 1132 470 feruntur,
1154 439 1244 463 cum
1267 439 1363 463 vero

184 492 318 523 terrae
353 489 759 536 appropinquaverint
792 489 962 523 maiores
998 500 1085 524 esse
1120 493 1162 525 et
1195 487 1362 525 celerius

184 547 296 592 ferri,
344 560 424 584 non
475 551 566 598 quia
617 547 849 586 adcelerent
898 548 1111 585 tardentve
1160 548 1363 586 naturales

185 614 331 653 motus,
346 611 413 659 qui
428 612 529 646 certi
544 622 589 646 ac
604 609 750 660 singuli
764 615 857 646 sunt
871 609 963 654 illis,
978 609 1049 647 sed
1065 612 1156 659 quia
1171 609 1363 647 deductas

185 671 236 707 ab
253 683 408 707 summa
426 670 562 720 apside
579 671 703 708 lineas
721 674 916 708 coarctari
933 671 984 708 ad
1001 677 1183 708 centrum
1200 683 1364 709 necesse

186 737 249 769 est
272 734 375 769 sicut
399 735 439 768 in
461 735 559 769 rotis
583 732 728 776 radj08‚
752 732 938 782 idemque
962 738 1094 769 motus
1119 732 1215 769 alias
1239 735 1366 770 maior

185 793 280 830 alias
299 796 428 830 minor
445 796 575 830 centri
592 796 892 844 propinquitate
910 797 1093 831 sentitur.

236 854 380 892 Altera
402 855 709 893 sublimitatium
733 868 851 892 causa
875 858 1060 905 quoniam
1084 868 1108 892 a
1130 868 1201 892 suo
1224 861 1364 893 centro

185 915 341 966 apsidas
365 916 577 954 altissimas
601 916 753 953 habent
776 919 817 953 in
840 916 925 953 aliis
949 919 1085 967 signis,
1108 915 1300 954 Saturnus
1323 920 1363 954 in

184 977 308 1015 librae
327 983 444 1028 parte
464 981 663 1022 vicesima,
685 978 866 1028 Iuppiter
884 981 1015 1015 cancri
1031 981 1169 1028 quinta
1183 978 1365 1023 decuma,

186 1038 298 1076 Mars
327 1042 547 1089 capricorni
575 1039 768 1084 XXVIII,
797 1039 856 1076 sol
887 1042 1022 1076 arietis
1047 1039 1199 1084 XXIX,
1231 1039 1364 1077 Venus

184 1103 351 1151 piscium
379 1100 550 1146 XXVII,
580 1101 806 1138 Mercurius
834 1103 996 1152 virginis
1025 1101 1112 1146 XV,
1140 1100 1234 1138 luna
1261 1103 1366 1139 tauri

185 1161 253 1199 IV.

233 1223 371 1260 Tertia
389 1223 648 1261 altitudinum
664 1226 767 1260 ratio
785 1223 885 1260 caeli
903 1237 1103 1268 mensura,
1121 1237 1201 1261 non
1217 1223 1367 1269 circuli,

184 1284 447 1336 intellegitur,
460 1286 594 1322 subire
610 1298 675 1322 eas
692 1290 761 1322 aut
777 1285 1022 1323 descendere
1036 1298 1109 1335 per
1123 1284 1365 1335 profundum

184 1349 287 1383 aeris
306 1346 426 1384 oculis
446 1347 763 1384 aestimantibus.

237 1408 340 1445 Huic
367 1421 520 1445 conexa
546 1408 805 1445 latitudinum
830 1407 1011 1458 signiferi
1038 1407 1365 1458 obliquitatisque

184 1482 302 1505 causa
327 1475 401 1506 est.
454 1483 527 1519 per
550 1469 655 1506 hunc
679 1469 824 1507 stellae
850 1483 946 1519 quas
972 1469 1142 1506 diximus
1168 1469 1366 1514 feruntur,

184 1543 257 1567 nec
278 1530 386 1568 aliud
405 1530 610 1568 habitatur
629 1533 670 1567 in
689 1533 809 1568 terris
831 1544 950 1581 quam
971 1530 1078 1580 quod
1096 1531 1154 1567 illi
1174 1531 1366 1575 subiacet,

183 1592 338 1642 reliqua
381 1605 405 1628 a
448 1592 549 1642 polis
594 1592 791 1642 squalent.
845 1592 1013 1629 Veneris
1051 1598 1211 1629 tantum
1246 1592 1366 1629 stella.

185 1653 345 1691 excedit
372 1667 464 1691 eum
491 1654 592 1690 binis
619 1654 815 1704 partibus,
842 1667 945 1704 quae
971 1667 1090 1690 causa
1115 1653 1366 1703 intellegitur

185 1715 341 1751 efficere
371 1720 416 1752 ut
446 1715 644 1765 quaedam
674 1715 860 1752 animalia
890 1721 932 1752 et
960 1718 1001 1751 in
1029 1715 1199 1752 desertis
1227 1714 1365 1751 mundi

183 1783 407 1814 nascantur.
458 1777 556 1814 luna
577 1790 736 1827 quoque
755 1790 827 1827 per
846 1782 975 1814 totam
1001 1776 1255 1813 latitudinem
1281 1779 1365 1813 eius

308 1855 321 1874 ¹
345 1854 509 1896 Detlefsen
525 1865 540 1886 e
555 1854 656 1886 Beda.

307 1897 321 1918 ⁸
342 1897 512 1929 Rackluzm
526 1909 534 1929 ε
562 1897 607 1929 ad
620 1901 730 1928 terrae
745 1900 901 1928 centrum
915 1900 989 1929 ante
1002 1896 1230 1928 humillimae.

566 2003 583 2020 ⁸
604 1999 675 2032 The
686 1999 832 2042 planete,
846 2000 861 2040 ξ
875 2001 918 2032 30
929 1999 988 2034 fin.

188 2073 206 2098 2
214 2074 230 2098 1
236 2073 257 2098 2
