1471 2326
91 540 153 571 105

94 1333 155 1364 106

371 128 538 165 PLINY
552 141 561 165 :
611 127 875 164 NATURAL
910 126 1148 164 HISTORY

174 237 317 267 natura
336 230 389 266 ibi
411 236 452 266 et
472 229 599 266 ferme
621 229 793 278 reliquas
816 228 1026 277 complexa
1050 226 1180 265 aerisl
1199 241 1348 273 causas,

174 294 361 341 quoniam
396 296 437 327 et
470 293 694 327 tonitruum
728 295 770 326 et
803 288 1015 325 fulminum
1048 292 1174 325 iactus
1207 289 1348 326 horum

175 352 386 388 violentiae
413 351 594 400 plerique
615 350 841 400 adsignant,
861 353 957 399 quin
977 356 1018 386 et
1038 350 1128 386 ideo
1154 349 1349 399 lapidibus

174 413 313 462 pluere
350 415 526 455 interim,
564 414 656 461 quia
692 417 813 448 vento
849 413 929 447 sint
965 413 1091 460 rapti3
1145 416 1188 447 et
1222 410 1350 448 multa

174 474 367 510 similiter.
422 486 541 522 quam
562 473 612 509 ob
631 486 717 508 rem
736 471 853 508 simul
872 471 986 521 plura
1006 471 1174 508 dicenda
1193 477 1298 509 sunt.

226 534 415 571 XXXIX.
442 534 747 582 Tempestatum
805 532 1103 582 imbriumque2
1158 532 1350 582 quasdam

173 601 298 632 statas
321 608 407 632 esse
427 608 578 638 causas,
599 593 791 644 quasdam
811 607 906 630 vero
925 592 1111 630 fortuitas
1132 599 1202 630 aut
1222 593 1351 630 adhue

174 659 336 693 rationis
378 659 651 705 inconpertae,
687 654 946 691 manifestum
984 660 1057 691 est.
1123 657 1208 705 quis
1245 657 1350 691 enim

175 723 350 754 aestates
370 723 411 754 et
429 716 579 753 hiemes
599 729 782 766 quaeque
800 718 840 751 in
857 715 1104 764 temporibus
1118 728 1249 751 annua
1266 718 1351 751 vice

174 778 466 828 intelleguntur
492 777 669 814 siderum
696 782 809 813 motu
837 776 923 813 fieri
950 776 1136 813 dubitet?
1190 782 1234 813 ut
1261 776 1352 812 solis

175 853 273 889 ergo
323 845 467 876 natura
516 837 781 887 temperando
832 837 1082 887 intellegitur
1132 850 1249 881 anno,
1299 840 1353 873 sic

173 901 417 949 reliquorum
449 912 606 948 quoque
636 899 812 935 siderum
845 900 1005 947 propria
1038 904 1099 934 est
1131 897 1352 947 cuiusque3

175 964 231 998 vis
255 967 295 998 et
318 961 369 997 ad
389 974 501 997 suam
522 963 665 1009 cuique
686 965 872 996 naturam
892 958 1048 995 fertilis.
1102 959 1179 995 alia
1199 964 1292 996 sunt
1313 961 1353 994 in

174 1022 370 1071 liquorem
410 1021 530 1058 soluti
571 1023 718 1057 umoris
758 1019 943 1063 fecunda,
983 1019 1060 1056 alia
1099 1023 1275 1056 concreti
1314 1022 1353 1056 in

174 1087 335 1133 pruinas
358 1088 428 1119 aut
449 1085 576 1119 coacti
598 1084 638 1118 in
659 1084 768 1118 nives
791 1087 861 1117 aut
882 1080 1043 1131 glaciati
1065 1083 1106 1117 in
1126 1080 1354 1130 grandines,

176 1145 253 1180 alia
281 1144 412 1187 flatus,
440 1143 516 1179 alia
543 1145 708 1192 teporis,
735 1142 812 1178 alia
839 1145 1008 1191 vaporis,
1036 1141 1113 1178 alia
1139 1146 1251 1185 roris,
1278 1141 1354 1177 alia

174 1205 364 1255 frigoris.4
415 1218 488 1241 nec
526 1218 620 1240 vero
657 1203 756 1240 haec
793 1209 910 1240 tanta
946 1202 1098 1239 debent
1137 1205 1353 1239 existimari

177 1272 327 1316 quanta
359 1271 591 1308 cernuntur,
623 1278 714 1301 cum
748 1277 834 1301 esse
868 1277 1007 1300 eorum
1039 1263 1193 1300 nullum
1225 1266 1353 1299 minus

179 1327 271 1363 luna
292 1333 376 1364 tam
398 1330 601 1363 inmensae
623 1325 843 1362 altitudinis
864 1327 966 1361 ratio
988 1324 1179 1361 declaret.
1233 1327 1354 1374 igitur

177 1391 217 1425 in
239 1402 310 1424 suo
334 1401 517 1437 quaeque
540 1393 653 1424 motu
675 1392 861 1423 naturam
883 1399 996 1422 suam
1020 1391 1225 1429 exercent,
1249 1385 1354 1435 quod

177 1448 436 1486 manifestum
487 1448 647 1484 Saturni
696 1449 871 1483 maxime
920 1449 1112 1483 transitus
1162 1447 1353 1483 imbribus

176 1510 339 1547 faciunt.
394 1523 467 1546 nec
495 1511 717 1545 meantium
738 1507 857 1544 modo
885 1507 1061 1544 siderum
1083 1507 1182 1544 haec
1205 1510 1262 1544 vis
1292 1513 1354 1544 est

177 1571 249 1608 sed
278 1570 496 1607 multorum
527 1573 648 1606 etiam
680 1569 986 1606 adhaerentium
1015 1568 1141 1612 caelo,
1172 1571 1354 1617 quotiens

179 1635 397 1669 errantium
437 1644 596 1668 accessu
635 1630 789 1680 inpulsa
828 1635 898 1666 aut
935 1632 1117 1666 coniectu
1155 1629 1354 1666 radiorum

180 1693 438 1730 exstimulata
489 1698 595 1735 sunt,
649 1691 821 1741 qualiter
874 1693 914 1727 in
964 1690 1108 1727 suculis
1160 1693 1353 1726 sentimus

178 1754 373 1797 accidere,
399 1766 495 1803 quas
524 1753 667 1790 Graeci
693 1752 743 1789 ob
770 1752 810 1788 id
835 1751 968 1801 pluvio
987 1754 1147 1788 nomine
1171 1750 1321 1801 hyadas
1338 1751 1353 1774 ⁵

233 1847 244 1866 1
269 1846 452 1886 Detlefsen:
490 1846 668 1886 complexa
693 1856 714 1876 a
737 1856 772 1877 se
796 1849 853 1876 aul
877 1855 912 1876 se
936 1844 1129 1885 (complexa
1153 1855 1220 1881 eas,
1246 1844 1286 1885 cf.
1312 1845 1352 1875 67

179 1889 242 1930 fin.
261 1889 440 1929 illayhoff).
1098 1902 1104 1908 ·

229 1933 241 1951 ²
266 1932 421 1971 Mayhoff
432 1944 439 1962 :
470 1941 660 1971 rerumque.
813 1929 825 1948 ³
850 1930 1006 1970 Mayhoff
1017 1942 1024 1961 :
1052 1929 1253 1970 quibusque.

229 1974 241 1992 ⁴
268 1974 318 2005 vl.
335 1975 464 2014 rigoris.
817 1972 830 1991 ⁵
852 1973 984 2014 hyadas
1001 1983 1063 2004 om.
1080 1973 1164 2012 ναῖς.
1182 1971 1236 2013 (cf.
1256 1974 1269 2012 ξ
1286 1973 1331 2010 8).

177 2036 246 2080 248
