1471 2326
418 151 586 189 PLINY
602 165 612 190 ι
659 151 927 189 NATURAL
965 150 1204 189 HISTORY

219 254 425 299 mandare,
472 268 522 291 ne
570 254 666 304 quid
713 255 921 291 ambitioni
969 254 1126 292 dedisse
1173 256 1256 292 vita
1301 253 1398 292 iudi-

218 325 400 355 caretur:
453 318 620 368 proinde
660 319 950 368 occupantibus
988 318 1118 355 locum
1157 318 1286 363 faveo,
1325 332 1401 369 ego

220 395 313 419 vero
349 388 392 419 et
426 385 596 432 posteris
633 395 730 432 quos
766 384 846 419 seio
882 383 1089 419 nobiscum
1124 382 1400 420 decertaturos

151 450 191 482 21
221 449 323 483 sicut
341 448 416 496 ipsi
433 446 600 483 fecimus
619 459 709 483 cum
728 446 936 496 prioribus.
983 451 1267 496 argumentum
1285 445 1402 484 hujus

219 509 414 547 stomachi
435 512 513 546 mei
534 509 699 547 habebis
721 509 828 560 quod
847 509 907 547 his
923 508 938 532 ¹
960 510 1226 547 voluminibus
1246 515 1402 547 auctor-

219 586 288 610 um
329 576 490 610 nomina
530 576 754 624 praetexui.
830 579 891 611 est
933 576 1039 611 enim
1079 574 1299 624 benignum
1340 573 1403 623 (ut

219 637 406 687 arbitror)
433 643 475 674 et
499 637 663 687 plenum
687 639 850 688 ingenui
876 637 1037 687 pudoris
1063 637 1182 675 fateri
1206 650 1279 687 per
1304 650 1402 687 quos

219 701 448 751 profeceris,
464 715 543 738 non
558 707 604 738 ut
619 701 799 751 plerique
816 715 865 738 ex
881 701 941 738 his
957 714 1055 751 quos
1071 704 1189 752 attigi
1206 701 1401 738 fecerunt.

150 769 195 800 22
221 767 320 801 scito
341 767 447 802 enim
467 765 742 802 conferentem
761 771 944 802 auctores
962 778 1028 802 me
1047 764 1360 815 deprehendisse
1380 777 1403 801 a

220 831 470 865 iuratissimis
517 834 559 865 et
604 831 794 879 proximis
840 834 998 866 veteres
1044 831 1305 879 transcriptos
1352 828 1403 865 ad

220 893 386 929 verbum
404 905 535 942 neque
554 895 793 937 nominatos,
811 906 890 929 non
908 892 974 929 illa
991 892 1222 943 Vergiliana
1239 894 1403 937 virtute,

219 962 265 993 ut
297 962 514 1001 certarent,
547 970 626 993 non
657 956 839 993 Tulliana
871 956 1144 1006 simplicitate,
1177 958 1244 1006 qui
1277 956 1327 993 de
1360 969 1402 993 re

219 1020 379 1070 publica
394 1019 569 1056 Platonis
583 1033 625 1056 se
639 1022 828 1056 comitem
840 1020 1066 1070 profitetur,
1079 1022 1120 1056 in
1132 1019 1402 1057 consolatione

220 1084 323 1120 filiae
348 1090 358 1106 ‘
376 1083 639 1128 Crantorem,'
659 1086 804 1134 inquit,
823 1090 833 1106 ‘
851 1083 1024 1133 sequor,'
1043 1086 1143 1120 item
1165 1082 1403 1120 Panaetium

220 1147 270 1184 de
301 1148 449 1192 officiis,
480 1161 583 1197 quae
614 1147 817 1184 volumina
847 1147 1074 1192 ediscenda,
1105 1160 1184 1184 non
1213 1147 1332 1184 modo
1362 1149 1403 1184 in

151 1215 194 1247 23
222 1212 405 1248 manibus
441 1211 587 1248 cotidie
623 1210 810 1248 habenda
845 1214 962 1248 nosti.
1025 1211 1186 1248 obnoxii
1222 1210 1403 1261 profecto

220 1278 341 1312 animi
377 1281 419 1312 et
453 1275 622 1312 infelicis
656 1277 806 1325 ingenii
842 1281 903 1312 est
938 1274 1185 1325 deprehendi
1220 1277 1261 1311 in
1295 1274 1403 1311 furto

219 1339 337 1376 malle
365 1352 485 1388 quam
513 1345 698 1376 mutuum
725 1339 908 1383 reddere,
938 1352 1029 1375 cum
1055 1341 1294 1389 praesertim
1321 1351 1403 1375 sors

220 1403 290 1439 fiat
309 1416 358 1439 ex
378 1416 507 1439 usura.

151 1471 195 1503 24
273 1466 545 1517 Inscriptionis
574 1466 680 1517 apud
711 1466 884 1503 Graecos
913 1469 1013 1503 mira
1041 1465 1234 1503 felicitas:
1282 1467 1404 1515 κηρίον

219 1533 466 1580 inscripsere,
513 1530 619 1580 quod
672 1530 859 1567 volebant
911 1530 1091 1580 intellegi
1144 1530 1290 1574 favom,
1337 1529 1403 1566 alii

220 1596 325 1643 κέρας
356 1595 596 1643 Ἀμαλθείας,
630 1594 738 1644 quod
771 1596 908 1644 copiae
942 1607 1063 1631 cornu
1099 1595 1161 1643 (ut
1192 1593 1255 1630 vel
1288 1593 1403 1631 lactis

220 1658 429 1708 gallinacei
477 1671 636 1708 sperare
684 1661 808 1708 possis
855 1660 895 1694 in
942 1657 1140 1694 volumine
1183 1656 1403 1707 haustum),

217 1724 296 1759 iam
330 1723 376 1768 ἴα,
412 1726 575 1766 ἎΙοῦσαι,
609 1722 816 1767 πανδέκται,
851 1722 1059 1773 ἐγχειρίδια,
1097 1722 1243 1769 λειμών,
1280 1721 1400 1766 πίναξ,

219 1787 698 1837 σχέδιον-ἱηεοϊὶρῒὶοηθε
726 1791 891 1836 propter
920 1799 1017 1835 quas
1041 1785 1311 1822 vadimonium
1334 1784 1403 1822 de·-

583 1854 595 1873 ¹
621 1854 813 1886 Raaekham:
838 1854 874 1885 in
889 1853 941 1884 his
959 1852 1048 1885 codd.

264 1928 279 1942 ⁴²
302 1924 342 1954 ln
371 1923 468 1954 Book
492 1924 527 1955 I:
553 1923 596 1955 ef.
627 1924 722 1955 xviii.
748 1924 823 1960 212,
851 1927 1009 1955 auctores
1035 1933 1120 1964 quos
1144 1922 1401 1964 praetexuimus

226 1966 389 1998 volumini
407 1967 495 1998 huic.

266 2009 278 2029 ¹³
302 2009 459 2050 Ὀρνίθων
474 2009 567 2050 γάλα,
587 2020 607 2041 a
625 2009 818 2051 proverbial
835 2009 943 2051 rarity
960 2008 1027 2040 like
1044 2007 1196 2050 pigeon’s
1213 2006 1307 2039 milk.

223 2066 266 2100 14
