1471 2326
415 124 582 164 PLINY
595 138 605 164 ι
652 126 916 164 NATURAL
949 125 1185 164 HISTORY

130 231 194 265 217
269 227 418 266 Omnes
448 234 583 265 autem
614 234 746 265 aestus
776 231 817 264 in
845 241 993 265 oceano
1022 231 1173 265 maiora
1200 231 1386 279 integunt

216 292 346 340 spatia
375 289 608 339 nudantque
639 302 758 339 quam
788 292 830 325 in
857 289 1010 339 reliquo
1040 292 1154 334 mari,
1183 292 1264 326 sive
1296 292 1387 340 quia

215 357 369 387 motum
395 354 654 388 universitate
681 353 891 387 animosius
919 364 1037 400 quam
1063 356 1179 400 parte
1207 356 1282 395 est,
1306 354 1388 388 sive

216 415 308 462 quia
337 412 571 462 magnitudo
603 417 744 461 aperta
773 411 912 448 sideris
943 414 1022 448 vim
1052 411 1142 448 laxe
1173 414 1388 462 grassantis

216 474 410 510 efficacius
443 477 579 517 sentit,
612 473 781 510 eandem
813 476 1004 523 angustiis
1037 473 1278 517 arcentibus,
1310 486 1389 523 qua

214 534 266 571 de
302 548 419 571 causa
455 548 528 571 nec
555 534 662 572 lacus
691 547 764 571 nec
794 547 929 571 amnes
957 534 1138 571 similiter
1164 540 1388 573 moventur.

216 595 434 646 (octogenis
481 596 623 633 cubitis
669 609 789 645 supra
833 595 1080 632 Britanniam
1124 598 1390 632 intumescere

216 663 348 694 aestus
369 657 542 708 Pytheas
564 657 821 694 Massiliensis
841 663 979 694 auctor
998 657 1086 707 est).
1141 662 1183 694 et
1200 659 1391 694 interiora

132 722 195 754 218
219 725 354 756 autem
372 722 497 755 maria
514 721 632 756 terris
650 718 889 755 clauduntur
906 724 952 755 ut
970 721 1011 754 in
1025 718 1040 741 1
1058 724 1200 768 portu3
1233 718 1391 768 quibus-

216 779 309 817 dam
336 786 473 817 tamen
500 783 541 817 in
565 780 660 816 locis
688 783 897 829 spatiosior
922 779 1065 816 laxitas
1093 779 1235 816 dicioni
1261 785 1392 829 paret,

215 847 358 891 utpote
389 855 479 878 cum
508 841 624 892 plura
655 841 839 890 exempla
868 843 947 878 sint
978 843 1019 877 in
1046 841 1262 890 tranquillo
1291 842 1392 877 mari

216 903 404 952 nulloque
429 903 607 940 velorum
633 903 749 952 pulsu
774 905 897 939 tertio
922 902 987 939 die
1014 915 1063 939 ex
1090 902 1207 939 Italia
1231 915 1392 952 pervec-

215 970 349 1001 torum
383 964 544 1001 Uticam
577 970 692 1001 aestu
724 963 917 1000 fervente.
970 966 1074 1000 circa
1104 963 1223 1000 litora
1255 969 1391 1000 autem

216 1029 343 1076 magis
389 1039 508 1076 quam
552 1029 592 1062 in
636 1026 718 1062 alto
762 1025 1118 1075 deprehenduntur
1161 1024 1202 1061 hi
1245 1031 1392 1069 motus,

217 1090 404 1137 quoniam
428 1093 469 1124 et
492 1091 532 1124 in
555 1100 719 1137 corpore
744 1093 925 1124 extrema
947 1086 1104 1136 pulsum
1127 1099 1330 1130 venarum,
1351 1085 1393 1123 id

218 1154 280 1186 est
317 1152 492 1198 spiritus,
529 1152 656 1199 magis
695 1151 884 1185 sentiunt.
938 1151 979 1184 in
1015 1147 1217 1197 plerisque
1255 1153 1393 1184 tamen

216 1213 408 1247 aestuaris
432 1216 597 1260 propter
619 1210 795 1259 dispares
818 1209 993 1246 siderum
1016 1212 1057 1245 in
1080 1222 1238 1259 quoque
1259 1214 1392 1246 tractu

217 1278 378 1308 exortus
399 1272 543 1309 diversi
562 1274 739 1308 existunt
759 1277 892 1308 aestus
912 1277 1109 1320 tempore,
1128 1283 1208 1307 non
1224 1273 1393 1315 ratione,

217 1333 430 1377 discordes,
448 1336 550 1370 sicut
568 1336 608 1369 in
627 1333 819 1383 Syrtibus.

131 1397 196 1430 219
270 1394 312 1431 C.
366 1395 421 1432 Et
463 1395 711 1444 quorundam
753 1400 892 1431 tamen
932 1396 1088 1443 privata
1130 1399 1274 1430 natura
1317 1399 1392 1438 est,

217 1455 328 1493 ve1ut
364 1456 690 1493 Tauromenitani
726 1458 852 1505 euripi
880 1458 1037 1505 saepius
1073 1460 1115 1491 et
1149 1457 1191 1490 in
1227 1455 1393 1492 Euboea

216 1521 365 1567 septies
408 1518 472 1555 die
514 1531 559 1554 ac
600 1523 719 1554 nocte
759 1519 1055 1566 reciprocantis.
1110 1516 1216 1552 idem
1258 1522 1392 1553 aestus

216 1579 350 1616 triduo
379 1582 420 1616 in
448 1592 586 1616 mense
614 1582 809 1622 consistit,
838 1581 1010 1627 septima
1039 1583 1180 1614 octava
1208 1590 1392 1627 nonaque

220 1640 325 1677 luna.
381 1640 558 1678 Gadibus
588 1643 654 1690 qui
684 1645 745 1677 est
778 1639 946 1677 delubro
976 1639 1159 1675 Herculis
1187 1641 1392 1688 proximus

217 1701 303 1738 fons
322 1702 492 1739 inclusus
512 1702 563 1739 ad
579 1704 691 1752 putei
708 1701 871 1738 modum
890 1701 984 1737 alias
1002 1700 1119 1736 simul
1136 1713 1227 1736 cum
1244 1713 1392 1737 oceano

216 1770 388 1814 augetur
434 1767 721 1813 minuiturque,
769 1763 864 1799 alias
913 1768 1129 1812 utrumque
1184 1764 1391 1798 contrariis

216 1826 487 1875 temporibus3
542 1825 684 1862 eodem
712 1827 753 1861 in
788 1824 875 1861 loco
913 1823 1016 1860 alter
1045 1825 1181 1860 oceani
1217 1823 1390 1860 motibus

636 1914 648 1933 1
672 1914 707 1944 in
721 1913 795 1944 add.
812 1912 974 1953 Blayhoff.

311 2005 325 2020 α
348 2001 408 2032 Le.
427 2001 485 2032 the
503 2011 614 2032 moon.
775 1998 789 2018 ⁶
811 1999 871 2031 Le.
886 1999 945 2030 the
959 1999 1083 2030 Straits
1098 1998 1136 2030 of
1146 1998 1303 2031 Messina.

214 2045 286 2094 346
