1471 2326
109 641 150 670 85

105 1554 146 1584 86

378 166 544 205 PLINY
558 180 567 205 :
617 167 881 205 NATURAL
916 167 1153 206 HISTORY

177 269 227 306 ab
257 282 305 306 eo
333 269 385 306 ad
414 269 549 306 Iovem
578 269 800 312 dimidium,
830 275 871 306 et
900 269 950 306 ab
981 283 1028 306 eo
1057 270 1108 306 ad
1137 269 1351 307 Saturnum

176 330 397 374 dimidium,
434 336 476 367 et
512 330 605 367 inde
641 330 868 379 sescuplum
904 330 955 367 ad
990 330 1248 380 signiferum3
1298 334 1354 368 ita

176 397 332 440 septem
349 394 453 428 tonis
471 391 571 428 effici
589 404 709 441 quam
725 391 916 440 diapason
933 390 1179 428 harmoniam
1196 397 1352 436 vocant,

176 452 250 489 hoc
281 458 342 489 est
372 455 676 488 universitatem
705 458 945 495 concentus3
988 455 1029 488 in
1060 465 1108 489 ea
1137 451 1353 489 Saturnum

178 514 301 550 Dorio
316 515 467 550 moveri
482 512 704 562 phthongo,
721 513 857 549 Iovem
873 512 1062 563 Phrygio,
1079 518 1121 550 et
1136 516 1177 549 in
1192 513 1353 563 reliquis

174 574 331 617 similia,
344 573 515 610 iucunda
528 577 654 624 magis
670 586 789 623 quam
803 577 1027 610 necessaria
1039 574 1276 611 subtilitate.

226 635 337 672 XXI.
391 634 572 671 Stadium
608 640 771 671 centum
807 637 947 684 viginti
984 638 1159 684 quinque
1195 641 1353 672 nostros

175 696 294 732 efficit
308 709 461 745 passus,
476 695 549 732 hoc
566 702 627 732 est
642 695 765 745 pedes
781 701 992 732 sexcentos
1008 698 1148 745 viginti
1164 699 1352 745 quinque.

175 756 406 794 Posidonius
426 769 506 793 non
525 759 652 793 minus
674 756 941 806 quadraginta
960 756 1181 793 stadiorum
1202 769 1225 792 a
1243 762 1354 793 terra

174 817 429 855 altitudinem
455 830 542 854 esse
568 820 607 853 in
633 830 753 866 quam
778 817 915 853 nubila
939 830 984 854 ac
1010 819 1119 854 venti
1144 818 1352 867 nubesque

173 882 423 928 perveniant,
437 878 529 914 inde
544 891 688 927 purum
702 878 976 927 liquidumque
991 883 1034 914 et
1047 879 1352 927 inperturbatae

173 939 268 976 lucis
297 952 406 983 aera,
434 939 506 976 sed
534 952 557 975 a
584 938 746 975 turbido
775 939 825 975 ad
854 939 988 975 lunam
1016 942 1162 976 viciens
1188 945 1351 976 centum

172 1000 282 1036 milia
307 1000 542 1044 stadiorum,
569 999 661 1036 inde
690 999 741 1036 ad
766 1000 892 1036 solem
920 1002 1155 1049 quinquiens
1184 1000 1353 1045 miliens,

174 1074 221 1098 eo
246 1064 376 1110 spatio
403 1061 488 1098 fieri
514 1066 560 1097 ut
585 1066 671 1098 tam
696 1063 877 1097 inmensa
904 1063 986 1097 eius
1012 1061 1247 1110 magnitudo
1273 1074 1353 1098 non

173 1128 315 1159 exurat
352 1128 495 1159 terras.
548 1121 682 1171 plures
722 1127 859 1158 autem
897 1122 1023 1158 nubes
1061 1125 1273 1171 nongentis
1312 1125 1352 1159 in

173 1183 426 1220 altitudinem
447 1183 581 1219 subire
602 1182 879 1232 prodiderunt.
933 1185 1167 1232 inconperta
1189 1182 1287 1219 haec
1311 1189 1353 1220 et

172 1244 477 1287 inextricabilia,
510 1243 581 1280 sed
613 1243 821 1293 prodenda
855 1246 947 1293 quia
979 1249 1072 1280 sunt
1105 1243 1278 1293 prodita,
1312 1247 1352 1280 in

172 1308 257 1355 quis
310 1311 448 1341 tamen
501 1318 579 1341 una
630 1307 732 1341 ratio
785 1307 1056 1355 geometricae
1107 1304 1352 1342 collectionis

172 1379 389 1415 numquam
414 1365 565 1402 fallacis
589 1368 715 1415 possit
740 1378 819 1402 non
843 1365 1058 1415 repudiari,
1082 1368 1114 1402 si
1139 1368 1201 1402 cui
1226 1366 1350 1403 libeat

173 1427 289 1464 altius
317 1429 394 1463 ista
419 1429 621 1476 persequi,
647 1439 721 1463 nec
748 1432 794 1463 ut
820 1439 1007 1463 mensura
1033 1426 1090 1476 (id
1117 1429 1222 1463 enim
1249 1427 1353 1464 velle

171 1501 299 1537 paene
325 1487 523 1525 dementis
550 1490 620 1524 otii
648 1488 726 1537 est)
752 1487 824 1524 sed
852 1493 897 1524 ut
923 1493 1084 1525 tantum
1110 1491 1350 1524 aestumatio

173 1549 422 1586 coniectandi
442 1554 601 1586 constet
620 1551 763 1585 animo.
817 1561 910 1584 nam
925 1562 1015 1585 cum
1029 1551 1222 1585 trecentis
1238 1561 1353 1586 sexa-

169 1612 282 1660 ginta
307 1615 349 1647 et
373 1609 458 1647 fere
482 1622 553 1646 sex
583 1610 762 1659 partibus
787 1609 977 1646 circulum
1001 1622 1074 1658 per
1098 1622 1217 1659 quem
1242 1615 1352 1647 meat

169 1671 274 1707 orbis
288 1670 380 1708 solis
396 1684 445 1707 ex
458 1673 625 1708 circuitu
641 1673 723 1707 eius
737 1676 879 1720 patere
893 1676 1099 1720 appareat,
1112 1683 1352 1720 semperque

170 1731 383 1769 dimetiens
410 1734 575 1768 tertiam
602 1737 760 1781 partem
788 1732 960 1768 ambitus
989 1737 1031 1768 et
1057 1733 1205 1768 tertiae
1233 1731 1352 1780 paulo

170 1796 298 1830 minus
344 1796 557 1843 septimam
603 1792 782 1843 colligat,
827 1797 1010 1842 apparet,
1056 1791 1222 1841 dempta
1268 1796 1351 1829 eius

212 1930 230 1946 ⁸
253 1925 409 1967 Ἀρμονῖα
423 1926 476 1958 διὰ
491 1928 605 1958 πασῶν
624 1929 689 1957 τῶν
706 1926 833 1966 χορδῶν
851 1925 908 1964 (all
930 1925 989 1956 the
1008 1928 1106 1956 notes
1122 1926 1156 1956 in
1182 1925 1240 1956 the
1264 1925 1351 1956 scale

171 1969 294 2010 played
310 1969 544 2009 successively‚
563 1972 624 1999 not
640 1979 660 1999 a
677 1968 844 2007 harmony
860 1968 896 1999 in
911 1968 971 1998 the
988 1968 1129 1998 modern
1145 1971 1265 2003 sense.)

212 2022 224 2040 ⁶
247 2020 309 2052 See
324 2030 358 2060 p.
375 2019 439 2050 296
454 2021 547 2049 note.

167 2082 237 2119 228
