1471 2326
391 134 558 173 PLINY
572 149 581 173 :
629 136 893 174 NATURAL
927 136 1163 175 HISTORY

188 237 379 288 oppidum
399 237 654 275 Manduriam
669 238 776 275 lacus
794 238 845 275 ad
860 242 1059 289 margines
1075 239 1215 288 plenus
1232 252 1364 289 neque

189 291 392 328 exhaustis
433 294 544 341 aquis
589 294 781 329 minuitur
826 305 957 341 neque
996 292 1133 329 infusis
1179 298 1363 343 augetur.

188 347 230 381 in
251 344 441 381 Ciconum
463 344 625 382 flumine
649 351 690 382 et
711 348 753 381 in
774 344 919 382 Piceno
940 345 1028 382 lacu
1050 346 1190 382 Velino
1212 346 1364 396 lignum

188 398 391 435 deiectum
431 398 589 447 lapideo
630 401 779 435 cortice
820 398 1044 443 obducitur,
1087 404 1129 436 et
1169 402 1210 435 in
1251 399 1364 436 Surio

189 450 385 488 Colchidis
405 451 567 488 flumine
586 451 687 488 adeo
707 457 752 488 ut
770 451 944 501 lapidem
962 451 1199 502 plerumque
1218 452 1364 489 durans

188 504 317 541 adhue
329 507 486 554 integat
500 511 651 542 cortex.
690 504 878 542 Similiter
890 508 931 542 in
942 505 1104 542 flumine
1120 505 1245 542 Silero
1260 505 1366 542 ultra

188 557 425 595 Surrentum
443 571 523 594 non
540 558 712 608 virgulta
729 558 847 595 modo
865 561 1038 595 inmersa
1055 572 1193 595 verum
1212 563 1254 596 e't
1270 558 1366 595 folia

187 611 452 661 lapidescunt,
471 611 566 648 alias
594 611 742 648 salubri
762 617 861 662 potu
885 615 966 648 eius
994 625 1134 662 aquae.
1188 615 1229 649 in
1253 615 1365 650 exitu

187 664 341 714 paludis
381 664 575 701 Reatinae
603 677 744 701 saxum
780 668 923 702 crescit
952 671 994 702 et
1031 669 1072 702 in
1107 666 1228 702 rubro
1264 667 1364 702 mari

187 718 300 755 oleae
319 721 573 768 virentesque
591 717 754 755 frutices
775 724 1026 755 enascuntur.

101 776 166 808 227
240 770 320 808 Sed
338 771 507 808 fontium
527 771 786 821 plurimorum
804 778 948 808 natura
965 775 1066 809 miro
1080 772 1096 795 1
1116 777 1177 808 est
1195 771 1366 817 fervore,

187 824 308 874 idque
326 828 447 862 etiam
464 828 505 861 in
520 828 620 875 iugis
638 825 815 874 Alpium,
830 828 996 875 ipsoque
1012 828 1054 862 in
1068 828 1183 869 mari,
1198 831 1243 862 ut
1259 828 1366 862 inter

188 878 347 915 Italiam
367 884 409 915 et
427 879 642 915 Aenariam
662 881 703 915 in
717 878 732 901 2
751 878 899 915 Baiano
917 882 1005 915 sinu
1025 884 1068 916 et
1086 882 1127 915 in
1147 878 1229 915 Liri
1247 878 1364 916 fluvio

187 932 403 981 multisque
422 932 520 968 aliis.
573 945 666 968 nam
685 932 809 969 dulcis
828 931 992 969 haustus
1011 935 1053 969 in
1070 935 1169 969 mari
1187 932 1364 982 plurimis

188 984 298 1028 locis,
331 991 377 1022 ut
410 985 462 1022 ad
495 984 746 1022 Chelidonias
780 986 925 1022 insulas
961 991 1003 1022 et
1035 985 1215 1022 Aradum
1249 991 1292 1022 et
1323 988 1365 1021 in

186 1038 387 1075 Gaditano
405 1051 566 1076 oceano.
620 1039 902 1076 Patavinorum
927 1041 1038 1089 aquis
1060 1039 1195 1076 calidis
1215 1038 1365 1076 herbae

186 1095 362 1129 virentes
387 1095 660 1137 innascuntur,
684 1092 916 1129 Pisanorum
939 1105 1075 1137 ranae,
1099 1092 1150 1129 ad
1174 1092 1366 1129 Vetulon-

186 1148 244 1182 ios
260 1148 300 1182 in
320 1146 483 1182 Etruria
502 1159 582 1182 non
600 1145 738 1195 procul
757 1158 781 1182 a
798 1149 899 1182 mari
918 1149 1057 1195 pisces.
1112 1145 1159 1182 In
1179 1145 1365 1184 Casinate

186 1198 325 1235 fluvius
367 1199 594 1249 appellatur
633 1198 839 1243 Scatebra,
877 1199 1059 1249 frigidus,
1098 1199 1366 1236 abundantior

187 1258 365 1295 aestate3
406 1255 447 1289 in
467 1265 514 1289 eo
534 1258 580 1289 ut
599 1255 639 1289 in
660 1252 855 1289 Arcadiae
868 1252 884 1276 3
905 1252 1129 1302 Stymphali
1148 1258 1365 1289 nascuntur

103 1309 166 1343 228
192 1305 386 1355 aquatiles
419 1305 599 1342 musculi.
653 1309 694 1343 in
727 1305 897 1343 Dodone
932 1306 1034 1343 Iovis
1068 1305 1154 1342 fons
1189 1319 1279 1342 cum
1312 1308 1364 1342 sit

186 1359 340 1409 gelidus
379 1365 421 1396 et
457 1362 648 1396 inmersas
685 1358 792 1396 faces
830 1362 1056 1409 extinguat,
1091 1362 1122 1396 si
1160 1362 1363 1396 extinctae

185 1412 475 1449 admoveantur
491 1412 685 1449 accendit.
738 1412 845 1450 idem
859 1413 1028 1450 meridie
1042 1425 1201 1462 semper
1215 1412 1365 1456 deficit,

185 1479 265 1516 qua
293 1466 344 1503 de
371 1479 490 1503 causa
517 1468 790 1515 ἀναπαυόμενον
816 1472 981 1510 vocant3
1019 1479 1112 1503 mox
1140 1469 1363 1503 increscens

185 1519 237 1556 ad
270 1520 446 1557 medium
480 1522 606 1556 noctis
641 1520 852 1563 exuberat,
885 1520 935 1556 ab
970 1533 1017 1556 eo
1049 1532 1182 1556 rursus
1216 1521 1363 1556 sensim

185 1572 333 1611 deficit.
388 1576 430 1610 in
450 1573 616 1624 Illyricis
635 1586 755 1623 supra
774 1572 929 1610 fontem
947 1572 1137 1623 frigidum
1164 1585 1364 1623 expansae

282 1692 296 1712 ²
317 1691 509 1724 Rackham:
537 1692 643 1753 mira3³
667 1734 711 1766 vl
738 1691 958 1766 Azrcffighoff
968 1703 976 1724 z
1004 1694 1045 1723 ut
1058 1691 1094 1723 in
1107 1694 1165 1722 aut
1179 1694 1214 1722 et
1227 1691 1274 1723 in.

223 1875 238 1933 ἶ
261 1870 303 1944 {3
318 1870 531 1945 {lligffggbine
552 1914 667 1954 region
688 1913 777 1944 from
797 1913 908 1944 which
928 1913 986 1944 the
1006 1913 1126 1954 people
1146 1912 1185 1944 of
1200 1912 1360 1944 Picenum

179 1957 357 1998 originally
375 1967 479 1993 came,
497 1956 539 1988 cf.
556 1956 610 1987 III
626 1957 718 1987 xviii.

219 2008 232 2025 ⁶
253 2004 313 2036 Le.
331 2005 392 2036 the
408 2004 566 2046 petrified
583 2004 668 2036 bark
685 2005 834 2036 remains
849 2004 909 2037 the
925 2004 1059 2036 surface
1076 2004 1115 2036 of
1127 2004 1187 2036 the
1202 2004 1269 2046 log.

174 2076 247 2114 354
