1471 2326
90 235 133 267 72

96 950 139 983 73

104 1670 146 1702 74

363 125 531 165 PLINY
544 139 554 165 ฮน
602 124 868 164 NATURAL
901 122 1139 162 HISTORY

208 229 315 267 XIV.
371 228 547 265 Primum
576 230 699 277 igitur
729 226 898 270 dicatur,
927 239 996 262 cur
1025 224 1193 261 Veneris
1222 223 1340 261 stella

158 314 377 351 numquam
403 300 558 349 longius
587 298 718 335 XLVI
747 298 943 347 partibus,
974 296 1169 333 Mercurii
1196 295 1338 332 XXIII

160 374 210 410 ab
233 373 316 410 sole
339 371 572 415 abscedant,
594 383 714 420 saepe
737 373 839 406 citra
862 382 927 406 eas
952 368 1003 405 ad
1024 368 1150 405 solem
1170 370 1343 417 recipro-

161 450 266 482 cent.
320 456 529 481 conversas
561 442 713 479 habent
744 447 941 490 utraeque
973 439 1129 490 apsidas
1163 445 1208 476 ut
1239 438 1342 475 infra

159 516 285 553 solem
325 518 441 558 sitae,
480 520 721 563 tantumque
762 512 898 549 circuli
941 525 1078 548 earum
1119 511 1192 547 sub
1233 516 1344 547 terra

163 593 226 625 est
261 592 455 637 quantum
489 598 661 635 superne
696 584 1017 634 praedictarum3
1066 589 1108 620 et
1142 582 1232 619 ideo
1265 594 1345 618 non

164 664 330 709 possunt
355 659 495 695 abesse
521 657 689 706 amplius
716 659 903 706 quoniam
928 661 1141 692 curvatura
1165 653 1345 704 apsidum

163 731 217 767 ibi
240 743 321 767 non
344 729 468 767 habet
490 728 784 779 longitudinem
807 730 1023 764 maiorem:
1063 739 1160 776 ergo
1184 728 1345 775 utrique

163 802 282 839 simili
324 805 480 838 ratione
523 800 688 838 modum
730 805 917 836 statuunt
961 797 1144 848 apsidum
1186 810 1347 834 suarum

168 877 384 924 margines,
410 886 455 910 ac
481 876 611 922 spatia
636 871 895 922 longitudinis
921 870 1179 907 latitudinum
1207 882 1348 919 evaga-

165 949 275 983 tione
303 951 488 995 pensant.
544 950 586 981 at
616 947 723 981 enim
751 957 820 980 cur
850 955 929 979 non
958 955 1116 992 semper
1145 941 1197 978 ad
1226 940 1348 991 quad-

162 1021 321 1068 raginta
353 1030 424 1054 sex
458 1023 500 1054 et
534 1016 585 1053 ad
617 1021 753 1066 partes
787 1017 928 1065 viginti
961 1020 1045 1051 tres
1079 1013 1346 1063 perveniunt?

163 1092 286 1127 immo
327 1101 444 1132 ver03
499 1088 570 1125 sed
609 1090 712 1125 ratio
754 1090 963 1124 canonicos
1005 1085 1121 1123 fallit.
1175 1098 1348 1136 namque

165 1167 334 1212 apparet
363 1161 518 1211 apsidas
549 1173 708 1210 quoque
740 1173 878 1196 earum
907 1161 1073 1202 moveri,
1103 1157 1209 1208 quod
1237 1171 1349 1194 num-

166 1247 287 1284 quam
333 1238 541 1270 transeant
583 1232 731 1275 solem3
783 1234 921 1281 itaque
969 1243 1059 1267 cum
1106 1232 1146 1266 in
1191 1235 1349 1279 partem

165 1308 293 1356 ipsam
324 1308 406 1342 eius
437 1304 612 1341 incidere
642 1306 841 1354 margines
873 1303 1069 1340 alterutro
1098 1302 1239 1346 latere,
1262 1307 1349 1339 tum

167 1384 210 1415 et
236 1378 378 1415 stellae
407 1377 457 1414 ad
489 1377 718 1427 longissima
749 1389 820 1412 sua
852 1375 1063 1412 intervalla
1093 1374 1350 1424 pervenisse1

166 1450 480 1500 intelleguntur:
528 1462 618 1485 cum
651 1451 753 1485 citra
786 1447 900 1484 fuere
933 1450 1148 1497 margines,
1180 1445 1351 1483 totidem

168 1522 349 1573 partibus
376 1527 417 1558 et
441 1524 550 1571 ipsae
575 1523 682 1557 ocius
706 1520 837 1557 redire
861 1525 1073 1570 coguntur,
1096 1532 1186 1555 cum
1209 1521 1262 1556 sit
1283 1518 1351 1555 illa

167 1607 326 1643 semper
345 1596 505 1643 utrique
525 1595 760 1630 extremitas
780 1605 946 1628 summa.

223 1666 325 1702 Hinc
376 1671 418 1702 et
466 1668 569 1701 ratio
618 1670 801 1701 motuum
850 1676 1041 1700 conversa
1089 1662 1351 1713 intellegitur.

170 1738 394 1784 superiores
417 1737 522 1770 enim
541 1733 748 1770 celerrime
769 1732 953 1770 feruntur
974 1735 1014 1769 in
1035 1745 1175 1769 occasu
1196 1745 1355 1781 vesper-

171 1809 269 1850 tino,
294 1805 370 1843 hae
396 1806 636 1850 tardissime,
664 1805 755 1841 illae
790 1818 813 1841 a
849 1810 960 1842 terra
992 1804 1182 1841 altissime
1208 1804 1352 1840 absunt

170 1892 261 1916 cum
292 1878 518 1915 tardissime
550 1883 775 1921 moventur,
807 1876 882 1913 hae
914 1890 1004 1913 cum
1035 1879 1229 1921 ocissime,
1261 1878 1351 1926 quia

537 1968 550 1989 ยน
573 1968 762 2000 Rackham:
794 1969 978 2009 pervenire.

171 2026 242 2061 218
