1471 2326
92 305 132 336 16

97 925 134 956 17

101 1408 139 1439 18

100 1752 139 1783 19

359 128 526 166 PLINY
540 143 548 167 ε
599 129 865 167 NATURAL
900 128 1139 167 HISTORY

155 233 277 268 etiam
310 232 504 281 pestibus,
537 230 633 268 dum
667 244 753 268 esse
787 229 994 280 placatasl
1027 230 1184 280 trepido
1220 236 1331 268 metu

155 303 346 350 cupimus.
404 299 574 349 ideoque
609 302 732 336 etiam
766 299 923 349 publice
960 300 1095 336 Febris
1125 299 1262 336 fanum
1292 302 1334 337 in

159 367 314 405 Palatio
341 368 520 405 dicatum
549 374 624 413 est,
653 368 839 405 Orbonae
868 368 919 404 ad
948 368 1091 405 aedem
1120 368 1266 405 Larum
1295 373 1338 405 et

158 450 226 473 ara
262 437 396 474 Malae
432 437 632 474 Fortunae
666 437 863 487 Esquiliis.
923 438 1183 486 quamobrem
1212 439 1338 473 maior

159 506 347 542 caelitum
386 505 553 556 populus
593 508 717 542 etiam
755 519 876 555 quam
912 505 1118 542 hominum
1156 505 1336 556 intellegi

158 581 305 625 potest,
336 588 427 611 cum
457 575 601 624 singuli
637 587 795 624 quoque
828 587 877 611 ex
909 577 1134 624 semetipsis
1165 574 1339 611 totidem

158 644 253 680 deos
295 643 445 680 faciant
488 643 660 680 Iunones
703 643 932 693 Geniosque
975 643 1204 693 adoptando
1247 644 1335 688 sibi,

157 718 300 763 gentes
345 725 436 749 vero
481 712 678 762 quaedam
723 712 909 748 animalia
953 718 996 749 et
1039 712 1172 762 aliqua
1215 714 1340 749 etiam

159 782 332 818 obscena
373 794 443 831 pro
485 781 544 817 dis
586 780 764 818 habeant
805 794 850 817 ac
892 781 1020 818 multa
1061 780 1173 818 dictu
1214 783 1341 831 magis

159 850 360 900 pudenda,
385 863 456 900 per
480 849 625 887 fetidos
650 850 757 886 cibos
783 855 825 887 et
850 849 927 886 alia
942 849 957 872 ²
981 849 1124 886 similia
1148 851 1338 887 iurantes.

161 921 415 956 matrimonia
444 918 606 968 quidem
635 921 740 955 inter
769 918 863 955 deos
888 918 996 955 credi
1022 924 1217 969 tantoque
1243 931 1341 956 aevo

162 1001 211 1025 ex
251 990 307 1025 eis
346 990 548 1024 neminem
588 990 710 1032 nasci,
751 993 792 1024 et
831 987 927 1024 alios
967 1000 1054 1025 esse
1093 987 1341 1038 grandaevos

163 1069 320 1107 semper
353 1069 567 1106 canosque,
596 1056 691 1093 alios
720 1059 882 1093 iuvenes
912 1062 1035 1106 atque
1064 1069 1221 1106 pueros,
1250 1058 1343 1093 atri-

161 1125 324 1170 colores,
367 1125 549 1175 aligeros,
591 1125 765 1169 claudos,
808 1138 881 1162 ovo
924 1125 1052 1162 editos
1096 1131 1138 1162 et
1180 1125 1342 1162 alternis

162 1195 302 1232 diebus
356 1197 534 1231 viventes
587 1196 897 1244 morientesque,
952 1194 1164 1244 puerilium
1217 1207 1341 1244 prope

161 1264 514 1300 deliramentorum
535 1269 619 1306 est;
653 1263 723 1299 sed
743 1276 862 1313 super
882 1276 1041 1300 omnem
1062 1263 1343 1313 inpudentiam

163 1332 359 1369 adulteria
380 1335 485 1369 inter
505 1335 610 1382 ipsos
633 1332 742 1381 fingi,
765 1345 856 1368 mox
878 1334 1007 1382 iurgia
1029 1338 1071 1369 et
1094 1332 1199 1376 odia,
1221 1338 1344 1382 atque

164 1404 287 1438 etiam
314 1400 509 1438 furtorum
537 1414 622 1437 esse
650 1407 692 1437 et
717 1401 911 1437 scelerum
934 1403 1109 1437 numina.
1160 1400 1258 1438 deus
1282 1407 1344 1438 est

163 1471 321 1508 mortali
335 1472 469 1507 iuvare
485 1469 708 1514 mortalem,
724 1475 764 1506 et
779 1469 878 1506 haec
892 1470 943 1506 ad
957 1476 1164 1506 aeternam
1178 1469 1344 1520 gloriam

166 1542 256 1577 via:
296 1538 369 1575 hae
400 1552 583 1589 proceres
613 1541 694 1575 iere
726 1539 909 1583 Romani,
940 1538 1014 1575 hac
1044 1552 1149 1576 nunc
1179 1539 1343 1576 caelesti

166 1622 285 1659 passu
318 1621 409 1645 cum
442 1608 575 1644 liberis
609 1611 687 1644 suis
723 1607 832 1644 vadit
865 1610 1062 1644 maximus
1096 1610 1222 1644 omm‘s
1256 1610 1342 1645 aevi

164 1684 295 1714 rector
313 1677 579 1728 Vespasianus
598 1678 805 1727 Augustus
825 1676 938 1714 fessis
956 1677 1074 1714 rebus
1093 1677 1343 1714 subveniens.

166 1746 228 1782 hic
276 1752 337 1783 est
385 1748 676 1782 vetustissimus
717 1745 914 1782 referendi
955 1746 1058 1782 bene
1098 1746 1345 1782 merentibus

164 1817 337 1866 gratiam
353 1828 453 1859 mos,
473 1820 518 1851 ut
538 1814 639 1851 tales
660 1815 887 1851 numinibus
907 1814 1147 1851 adscribant.
1198 1816 1346 1865 quippe

306 1924 319 1944 ²
341 1924 394 1955 v.l.
412 1924 559 1965 placata.

305 1967 318 1986 ²
340 1966 393 1998 υλ.
411 1976 471 2007 per
489 1966 613 1997 fetidas
629 1976 740 2007 cepas,
759 1966 837 1997 allia.
855 1969 890 1998 et
907 1966 964 2007 (cf.
983 1965 1083 1997 XIX.
1105 1967 1192 2006 101).

169 2029 237 2064 180
