1471 2326
402 155 568 193 PLINY
583 169 592 193 :
642 155 907 194 NATURAL
942 155 1179 194 HISTORY

207 258 335 296 editos
365 260 536 294 sustinet
566 271 738 308 semper,
767 260 977 294 novissime
1006 257 1201 307 conplexa
1229 259 1382 308 gremio

204 314 283 348 iam
302 325 325 347 a
341 311 494 360 reliqua
512 317 656 347 natura
673 310 876 347 abdicatos
893 316 981 347 tum
997 313 1172 348 maxime
1190 316 1235 348 ut
1252 316 1383 348 mater

203 367 400 414 operiens,
429 364 536 400 nullo
569 366 694 414 magis
728 377 840 400 sacra
870 366 1015 400 merito
1049 376 1167 413 quam
1201 377 1279 413 quo
1311 376 1382 400 nos

205 430 363 467 quoque
401 430 532 453 sacros
570 416 679 460 facit,
717 419 839 453 etiam
878 419 1125 453 monimenta
1161 429 1206 453 ac
1242 416 1381 453 titulos

203 483 346 520 gerens
375 483 600 519 nomenque
627 482 845 519 prorogans
874 475 1054 506 nostrum
1082 475 1124 506 et
1150 471 1382 506 memoriam

204 523 426 560 extendens
465 522 633 560 contra1
670 523 911 559 brevitatem
948 524 1048 566 aevi,
1085 525 1194 559 cuius
1235 535 1383 559 numen

202 577 388 612 ultimum
415 578 494 611 iam
521 575 636 611 nullis
663 588 872 624 precamur
896 578 987 612 irati
1013 588 1149 625 grave,
1176 581 1383 624 tamquam

204 631 423 667 nesciamus
446 627 547 664 hanc
570 641 656 664 esse
677 628 801 665 solam
825 641 926 677 quae
948 641 1166 678 numquam
1190 631 1384 664 irascatur

122 687 184 718 155
204 681 362 718 homini.
444 694 572 731 aquae
609 681 782 718 subeunt
823 684 863 717 in
905 681 1065 725 imbres,
1101 684 1302 730 rigescunt
1343 683 1383 717 in

203 734 431 785 grandines,
476 740 706 771 tumescunt
738 737 779 770 in
811 733 968 778 fluctus,
994 737 1308 784 praecipitantur
1343 737 1384 770 in

203 794 427 830 torrentes3
481 800 551 824 aer
590 787 781 824 dematur
820 787 1004 831 nubibus,
1043 786 1140 824 furit
1179 786 1385 836 procellis3

205 848 249 878 at
263 840 362 878 haec
378 841 567 890 benigna,
583 843 706 884 mitis,
722 840 946 890 indulgens,
963 853 1136 889 ususque
1153 839 1383 876 mortalium

202 907 362 943 semper
394 893 551 936 ancilla,
584 906 686 942 quae
719 898 858 929 coacta
890 898 1073 943 generat,
1106 906 1208 943 quae
1241 898 1384 942 sponte

203 946 349 990 fundit,
386 959 483 996 quos
520 945 662 983 odores
698 959 955 995 saporesque,
991 959 1088 996 quos
1123 959 1251 989 sucos,
1286 959 1383 995 quos

202 1005 349 1043 tactus,
392 1012 489 1049 quos
532 999 711 1035 colores!
757 1012 876 1048 quam
918 999 1023 1035 bona
1066 998 1143 1035 fide
1186 998 1382 1035 creditum

202 1052 342 1089 faenus
359 1052 374 1075 ²
400 1052 554 1089 reddit!
610 1064 711 1101 quae
738 1058 875 1088 nos-tra
901 1065 1020 1088 causa
1046 1051 1138 1088 alit!
1192 1051 1384 1101 pestifera

203 1109 309 1142 enim
343 1108 574 1148 animantia,
603 1104 712 1141 vitali
750 1108 891 1154 spiritu
923 1104 1099 1141 habente
1128 1104 1298 1154 culpam,
1326 1105 1382 1140 illi

203 1171 366 1195 necesse
383 1164 444 1195 est
461 1161 657 1194 seminata
673 1161 859 1208 excipere
876 1164 917 1195 et
933 1161 1070 1208 genita
1085 1160 1298 1201 sustinere,
1312 1157 1382 1194 sed

201 1214 243 1248 in
285 1211 398 1248 malis
442 1214 723 1261 generantium
766 1224 871 1247 noxa
915 1216 988 1247 est.
1041 1210 1110 1247 illa
1152 1217 1382 1260 serpentem

201 1263 360 1301 homine
374 1277 562 1313 percusso
576 1264 743 1313 amplius
757 1277 837 1300 non
849 1266 1004 1313 recipit,
1016 1276 1245 1313 poenasque
1260 1266 1382 1300 etiam

200 1320 389 1354 inertium
414 1320 573 1353 nomine
597 1320 745 1366 exigit;
781 1317 850 1353 illa
873 1317 1046 1353 medicas
1070 1316 1202 1353 fundit
1224 1315 1383 1360 herbas,

120 1375 181 1407 156
207 1376 248 1407 et
276 1383 435 1419 semper
463 1369 611 1407 homini
641 1373 836 1419 parturit3
880 1373 974 1419 quin
1005 1375 1046 1407 et
1075 1382 1230 1406 venena
1258 1372 1382 1406 nostri

201 1426 422 1460 miseritam
444 1426 662 1460 instituisse
684 1422 792 1459 credi
813 1429 964 1472 potest,
984 1435 1035 1459 ne
1057 1425 1097 1458 in
1118 1423 1254 1459 taedio
1276 1425 1381 1459 vitae

201 1476 341 1520 fames,
376 1489 482 1513 mors
518 1482 653 1513 terrae
690 1479 842 1512 meritis
879 1476 1132 1519 alienissima,
1167 1475 1276 1512 lenta
1311 1488 1382 1512 nos

199 1535 455 1567 consumeret
488 1529 598 1573 tabe,
631 1541 682 1566 ne
715 1529 891 1566 lacerum
924 1542 1066 1579 corpus
1101 1529 1273 1579 abrupta
1305 1528 1380 1566 dis-

412 1648 424 1667 ²
437 1647 528 1680 ultra
544 1648 672 1687 Haupt.
837 1646 849 1665 ²
871 1646 991 1678 faenus
1005 1646 1056 1678 v.l.
1069 1657 1133 1678 om.

246 1804 259 1818 ‘²
284 1804 292 1816 ‘
303 1799 354 1830 Sit
371 1799 433 1830 tibi
450 1802 541 1829 terra
556 1799 691 1839 gravis?
743 1797 811 1828 ‘Sit
828 1797 892 1828 tibi
908 1802 998 1829 terra
1017 1798 1099 1829 levis
1111 1797 1118 1810 ’
1135 1808 1205 1828 was
1221 1807 1378 1829 common

198 1853 243 1874 on
259 1846 488 1883 gravestones.

247 1885 258 1903 ⁶
282 1885 362 1915 This
393 1884 496 1924 oddly
525 1885 719 1915 inaecurate
745 1883 868 1925 phrase
899 1892 1016 1915 occurs
1039 1888 1076 1915 at
1101 1882 1139 1915 V.
1167 1883 1220 1922 24,
1250 1883 1317 1914 and
1344 1883 1379 1914 in

200 1927 343 1958 PIautus
360 1927 428 1958 and
445 1926 570 1958 Cicero.

247 1975 259 1989 ⁶
281 1969 331 2001 Cf.
349 1969 435 2000 infra
457 1970 516 2000 158
533 1969 590 2001 fin.

244 2013 259 2031 ‘²
281 2012 331 2044 Cf.
350 2012 475 2043 XXIX
494 2013 544 2043 74.

193 2087 263 2123 ²90
