1471 2326
383 126 552 166 PLINY
565 141 575 166 ε
623 129 887 167 NATURAL
921 129 1158 168 HISTORY

188 232 308 266 vestis
324 230 608 268 accenduntur.
664 230 765 268 Iovis
782 231 1016 269 Hammonis
1031 237 1219 283 stagnum
1237 235 1361 270 inter-

187 283 256 320 diu
288 282 477 334 frigidum
512 285 692 321 noctibus
728 284 870 322 fervet.
923 288 965 322 in
998 285 1236 337 Trogodytis
1272 286 1359 324 fons

185 335 284 373 Solis
319 337 545 387 appellatur
577 337 700 374 dulcis
736 343 778 375 et
810 341 914 375 circa
945 339 1154 376 meridiem
1186 343 1361 377 maxime

184 389 376 440 frigidus3
419 404 513 427 mox
539 391 733 441 paulatim
760 397 970 441 tepescens
998 392 1050 429 ad
1076 395 1202 430 noctis
1228 393 1361 430 media

100 446 165 479 229
186 442 343 480 fervore
367 449 409 480 et
431 444 696 481 amaritudine
712 443 937 482 infestatur.
991 445 1089 483 Padi
1108 445 1195 483 fons
1217 446 1359 483 mediis

184 496 325 533 diebus
347 500 505 534 aestivis
526 497 637 534 velut
656 500 969 548 interquiescens
990 512 1149 549 semper
1167 504 1267 537 aret.
1319 502 1361 536 in

183 549 348 587 Tenedo
377 550 505 587 insula
532 550 619 587 fons
649 564 808 601 semper
835 564 858 587 a
889 554 1012 589 tertia
1039 555 1165 589 noctis
1192 552 1290 590 hora
1320 555 1361 589 in

183 609 342 640 sextam
369 604 419 640 ab
435 606 585 641 aestivo
600 604 770 641 solstitio
787 605 978 649 exundat,
994 611 1036 642 et
1060 608 1101 642 in
1117 606 1221 642 Delo
1235 605 1362 643 insula

187 655 336 706 Inopus
361 656 448 694 fons
475 657 617 694 eodem
643 671 721 707 quo
747 657 858 695 Nilus
882 659 1002 695 modo
1027 671 1072 696 ac
1097 662 1248 708 pariter
1271 672 1362 696 cum

188 722 236 746 eo
271 710 468 747 decrescit
503 717 735 761 augeturve.
789 717 929 748 contra
963 712 1168 749 Timavom
1203 725 1362 749 amnem

185 763 315 800 insula
343 776 465 813 parva
494 767 535 800 in
564 767 663 801 mari
695 770 757 801 est
786 778 877 801 cum
906 765 1082 802 fontibus
1113 765 1263 810 calidis,
1294 768 1361 816 qui

186 819 336 867 pariter
355 830 445 854 cum
467 823 580 854 aestu
601 821 719 854 maris
739 824 923 855 crescunt
944 822 1268 869 minuunturque.
1322 822 1362 855 in

186 882 283 920 agro
320 870 495 908 Pitinate
530 877 641 908 trans
679 872 963 921 Appenninum
999 872 1138 909 fluxius
1176 872 1362 909 Novanus

100 927 166 960 230
188 924 369 960 omnibus
388 923 565 961 solstitiis
584 930 741 961 torrens
761 925 902 961 bruma
920 928 1100 963 siccatur.
1153 928 1195 962 in
1214 925 1364 963 Falisco

187 980 313 1013 omnis
344 990 448 1027 aqua
475 983 572 1027 pota
600 978 787 1015 candidos
816 979 937 1015 boves
967 978 1075 1016 facit.
1127 981 1170 1015 in
1197 979 1364 1016 Boeotia

186 1033 312 1067 amnis
345 1030 475 1067 Melas
504 1044 596 1068 oves
625 1034 773 1081 nigras,
802 1031 993 1081 Cephisus
1025 1045 1074 1069 ex
1104 1032 1247 1069 eodem
1274 1032 1363 1069 lacu

186 1083 385 1133 profluens
406 1084 530 1129 albas,
548 1097 681 1121 rursus
701 1088 834 1135 nigras
855 1085 1025 1129 Peneus,
1043 1084 1231 1135 rufasque
1251 1088 1364 1122 iuxta

187 1136 306 1174 Ilium
343 1137 544 1182 Xanthus,
580 1138 687 1175 unde
725 1144 768 1175 et
803 1152 951 1175 nomen
987 1141 1105 1176 amni.
1158 1142 1199 1175 in
1235 1138 1364 1176 Ponto

185 1190 324 1227 fluvius
343 1190 513 1228 Astaces
532 1194 679 1242 inrigat
698 1205 857 1241 campos
874 1195 916 1228 in
934 1193 1074 1242 quibus
1093 1198 1232 1242 pastae
1251 1195 1365 1242 nigro

186 1242 290 1281 lacte
311 1257 439 1294 equae
460 1250 625 1295 gentem
645 1245 769 1282 alunt.
824 1248 866 1282 in
884 1245 1054 1282 Reatino
1073 1245 1160 1282 fons
1181 1245 1364 1283 Neminie

186 1297 412 1347 appellatus
453 1298 530 1335 alio
568 1304 691 1348 atque
730 1298 807 1335 alio
843 1298 930 1336 loco
969 1302 1147 1336 exoritur
1184 1311 1366 1336 annonae

186 1354 454 1388 mutationem
500 1352 736 1402 significans.
790 1352 975 1389 Brundisi
1022 1355 1063 1389 in
1110 1358 1231 1402 portu
1278 1352 1364 1389 fons

186 1406 437 1454 incorruptas
474 1405 664 1455 semper1
699 1410 880 1455 praestat
916 1419 1038 1455 aquas
1073 1406 1363 1456 navigantibus.

189 1456 399 1508 Lyncestis
440 1471 545 1508 aqua
586 1471 688 1509 quae
729 1465 892 1496 vocatur
932 1459 1087 1496 acidula
1127 1462 1208 1496 vini
1247 1459 1365 1496 modo

183 1511 427 1549 temulentos
458 1511 577 1556 facit3
622 1515 722 1550 item
751 1515 793 1549 in
824 1511 1097 1564 Paphlagonia
1127 1518 1169 1550 et
1198 1515 1239 1549 in
1268 1525 1366 1563 agro

186 1564 345 1602 Caleno.

100 1621 163 1654 231
239 1618 377 1656 Andro
412 1621 453 1655 in
489 1619 630 1663 insula,
666 1619 820 1669 templo
863 1619 997 1656 Liberi
1039 1622 1178 1669 patris,
1211 1618 1366 1656 fontem

187 1675 298 1709 nonis
321 1671 512 1709 Ianuariis
541 1685 702 1723 semper
722 1675 799 1709 vini
819 1685 962 1723 sapore
982 1672 1134 1710 fluere²
1155 1672 1366 1710 Mucianus

461 1792 475 1812 ²
496 1791 625 1824 Brotier
639 1803 647 1823 :
675 1792 710 1822 in
725 1792 816 1832 spira
831 1793 902 1831 (aut
916 1792 997 1832 om.)
1011 1791 1101 1824 codd.

456 1834 470 1854 ¹
493 1834 546 1866 ολ.
561 1844 717 1875 saporem
732 1835 884 1867 fundere.

623 1989 640 2006 ⁶
661 1985 705 2018 In
717 1985 916 2029 Campania.

187 2064 259 2112 356
