1471 2326
345 137 512 175 PLINY
526 151 535 174 :
584 137 848 175 NATURAL
881 137 1118 175 HISTORY

140 241 326 289 interque
353 252 400 276 ea
422 239 515 276 solis
541 245 582 276 et
605 239 738 282 lunae,
760 241 1003 275 contrarium
1026 238 1174 275 mundo
1198 251 1319 288 agere

140 306 311 336 cursum,
323 292 363 329 id
379 297 441 328 est
460 292 629 335 laevom,
641 292 709 328 illo
724 304 883 341 semper
901 294 942 327 in
962 291 1148 328 dextram
1168 294 1319 340 praeci·

73 350 115 381 33
142 348 237 394 piti3
296 351 338 382 et
382 348 559 394 quamvis
604 344 769 381 adsidua
812 347 1069 381 conversione
1113 347 1318 380 inmensae

138 398 356 434 celeritatis
375 397 613 434 attollantur
630 398 680 433 ab
699 410 746 434 6ο
763 400 1048 446 rapianturque
1066 399 1107 432 in
1124 409 1318 440 occasum,

138 451 306 487 adverso
334 456 472 487 tamen
498 453 558 487 ire
586 456 699 486 motu
727 463 800 499 per
828 463 918 486 suos
948 462 1130 498 quaeque
1158 460 1319 498 passus3

137 506 195 540 ita
215 503 301 539 fieri
318 516 369 540 ne
388 503 621 540 convolutus
641 516 711 539 aer
731 502 899 539 eandem
918 505 959 538 in
977 508 1135 551 partem
1153 507 1320 538 aeterna

137 556 275 592 mundi
302 559 501 605 vertigine
527 559 670 606 ignavo
697 555 817 605 globo
842 561 1006 604 torpeat
1032 555 1103 591 sed
1128 554 1319 590 fundatur

138 609 305 645 adverso
351 608 527 645 siderum
573 609 742 644 verbere
789 608 983 644 discretus
1032 613 1073 644 et
1119 607 1319 657 digestus3

71 666 114 696 34
140 661 299 698 Saturni
319 667 456 698 autem
475 661 581 698 sidus
602 661 759 710 gelidae
780 674 824 697 ac
842 663 1010 710 rigentis
1031 673 1118 696 esse
1137 666 1319 703 naturae,

137 714 388 763 multumque
416 727 464 750 ex
491 727 538 750 eo
561 713 795 750 inferiorem
821 713 922 749 Iow's
947 713 1137 749 circulum
1164 718 1205 749 et
1229 712 1320 748 ideo

136 773 249 803 motu
280 767 473 803 celeriore
504 766 696 803 duodenis
727 768 943 815 circumagi
974 769 1108 808 annis3
1152 768 1319 802 tertium

140 819 299 863 NIartis,
328 819 435 869 quod
464 819 624 868 quidam
654 819 839 855 Herculis
868 824 1025 861 vocant,
1053 821 1146 868 igne
1175 817 1318 854 ardens

137 872 229 908 solis
245 875 463 916 vicinitate,
474 873 575 908 binis
588 872 674 908 fere
688 875 798 907 annis
812 874 1006 914 converti,
1018 871 1188 920 ideoque
1204 870 1318 906 huius

136 925 279 962 ardore
299 928 420 961 nimio
443 931 485 961 et
503 928 635 974 rigore
662 924 820 961 Saturni
846 926 1101 960 interiectum
1128 923 1318 959 ambobus

137 991 187 1014 ex
227 984 399 1027 utroque
439 980 657 1026 temperari
699 977 834 1014 Iovem
872 977 1169 1025 salutaremque
1210 976 1319 1019 fieri3

70 1035 112 1066 35
139 1030 232 1066 dein
250 1030 342 1067 solis
362 1036 542 1067 meatmn
563 1043 649 1067 esse
668 1033 843 1079 partium
864 1029 1025 1079 quidem
1043 1034 1319 1066 trecentarum

137 1086 361 1133 sexaginta,
376 1083 447 1120 sed
462 1090 507 1119 ut
523 1084 748 1119 observatio
764 1083 996 1118 umbrarum
1013 1085 1095 1118 eius
1110 1082 1251 1118 redeat
1268 1081 1319 1118 ad

137 1135 298 1179 metas,l
333 1139 471 1185 quinos
505 1139 616 1172 annis
650 1136 733 1172 dies
768 1136 867 1172 adici
902 1148 1101 1184 superque
1135 1140 1319 1184 quartam

136 1195 293 1238 partem
315 1189 416 1231 dieig
452 1202 572 1238 quam
594 1189 644 1225 ob
667 1202 829 1225 causam
857 1191 996 1237 quinto
1019 1191 1161 1236 cuique
1178 1187 1193 1209 2
1216 1200 1318 1223 anno

136 1255 235 1278 unus
269 1241 543 1278 intercalarius
577 1241 660 1278 dies
695 1241 855 1277 additur
888 1247 933 1277 ut
960 1247 1189 1290 temporum
1216 1243 1318 1276 ratio

135 1295 227 1330 solis
245 1297 378 1331 itineri
395 1300 600 1344 congruat.

69 1351 111 1383 36
190 1347 298 1383 Infra
313 1347 438 1383 solem
455 1348 579 1383 ambit
595 1350 734 1395 ingens
750 1346 856 1382 sidus
873 1346 1122 1395 appellatum
1137 1345 1319 1389 Veneris,

137 1400 294 1436 alterno
319 1406 457 1436 meatu
484 1413 629 1450 vagum
655 1402 829 1448 ipsisque
856 1399 1157 1449 cognominibus
1185 1411 1319 1434 aemu-

135 1452 218 1488 lum
249 1453 342 1489 solis
375 1466 420 1489 ac
451 1453 591 1489 lunae:
637 1455 898 1501 praeveniens
933 1451 1112 1501 quippe³
1147 1457 1188 1488 et
1222 1457 1316 1488 ante

135 1509 378 1542 matutinum
414 1509 595 1542 exoriens
627 1505 802 1541 Luciferi
830 1517 976 1541 nomen
1004 1507 1147 1553 accipit
1182 1510 1228 1540 ut
1261 1503 1320 1540 sol

136 1558 240 1595 alter
263 1558 448 1608 diemque
471 1565 690 1601 maturans,
713 1564 853 1594 contra
877 1558 926 1593 ab
950 1570 1091 1594 occasu
1113 1556 1318 1606 refulgens

135 1618 387 1661 nuncupatur
425 1611 577 1660 Vesper
608 1617 651 1647 ut
683 1624 902 1660 prorogans
941 1610 1070 1647 lucem
1108 1613 1317 1660 vicemque

232 1713 245 1732 ¹
268 1712 431 1754 Dellefsen
451 1715 618 1751 (metam?
639 1712 843 1750 Rackham):
877 1716 978 1742 notas
995 1715 1052 1741 aut
1072 1715 1198 1742 motus.

229 1755 242 1774 ²
265 1756 386 1795 cuique
401 1755 476 1785 add.
493 1755 661 1786 Rackkam
678 1757 830 1795 (quoque
846 1754 1031 1794 Harduin).

232 1796 246 1816 ³
269 1799 396 1838 quippe
413 1798 544 1829 solem?
563 1797 742 1829 Rackham.

185 1955 199 1970 ⁰
223 1951 263 1982 In
282 1951 418 1982 Roman
436 1951 641 1988 arithmetic,
658 1951 712 1983 for
732 1950 899 1993 example,
922 1951 1003 1982 1938
1023 1950 1134 1982 would
1154 1950 1193 1981 be
1212 1949 1318 1981 called

139 1994 197 2025 the
215 1994 291 2025 fifth
307 2005 390 2035 year
406 1994 494 2025 after
514 1995 607 2026 1934.

140 2066 210 2102 190
