<?xml version="1.0" encoding="UTF-8"?>
<!DOCTYPE html PUBLIC "-//W3C//DTD XHTML 1.0 Transitional//EN"
    "http://www.w3.org/TR/xhtml1/DTD/xhtml1-transitional.dtd">
<html xmlns="http://www.w3.org/1999/xhtml" xml:lang="en" lang="en">
 <head>
  <title>
</title>
<meta http-equiv="Content-Type" content="text/html;charset=utf-8" />
  <meta name='ocr-system' content='tesseract 3.04.00' />
  <meta name='ocr-capabilities' content='ocr_page ocr_carea ocr_par ocr_line ocrx_word'/>
</head>
<body>
  <div class='ocr_page' id='page_1' title='image "./naturalhistory01plinuoft/naturalhistory01plinuoft_0208.png"; bbox 0 0 1471 2326; ppageno 0'>
   <div class='ocr_carea' id='block_1_1' title="bbox 74 282 117 313">
    <p class='ocr_par' dir='ltr' id='par_1_1' title="bbox 74 282 117 313">
     <span class='ocr_line' id='line_1_1' title="bbox 74 282 117 313; baseline 0.023 -1"><span class='ocrx_word' id='word_1_1' title='bbox 74 282 117 313; x_wconf 88' lang='grc'>29</span> 
     </span>
    </p>
   </div>
   <div class='ocr_carea' id='block_1_2' title="bbox 75 546 117 577">
    <p class='ocr_par' dir='ltr' id='par_1_2' title="bbox 75 546 117 577">
     <span class='ocr_line' id='line_1_2' title="bbox 75 546 117 577; baseline -0.024 0"><span class='ocrx_word' id='word_1_2' title='bbox 75 546 117 577; x_wconf 90' lang='grc'>30</span> 
     </span>
    </p>
   </div>
   <div class='ocr_carea' id='block_1_3' title="bbox 76 969 114 999">
    <p class='ocr_par' dir='ltr' id='par_1_3' title="bbox 76 969 114 999">
     <span class='ocr_line' id='line_1_3' title="bbox 76 969 114 999; baseline -0.026 0"><span class='ocrx_word' id='word_1_3' title='bbox 76 969 114 999; x_wconf 93' lang='grc'>31</span> 
     </span>
    </p>
   </div>
   <div class='ocr_carea' id='block_1_4' title="bbox 77 1339 119 1370">
    <p class='ocr_par' dir='ltr' id='par_1_4' title="bbox 77 1339 119 1370">
     <span class='ocr_line' id='line_1_4' title="bbox 77 1339 119 1370; baseline -0.024 0"><span class='ocrx_word' id='word_1_4' title='bbox 77 1339 119 1370; x_wconf 84' lang='grc'>32</span> 
     </span>
    </p>
   </div>
   <div class='ocr_carea' id='block_1_5' title="bbox 344 120 1119 159">
    <p class='ocr_par' dir='ltr' id='par_1_5' title="bbox 344 120 1119 159">
     <span class='ocr_line' id='line_1_5' title="bbox 344 120 1119 159; baseline 0 -1"><span class='ocrx_word' id='word_1_5' title='bbox 344 120 511 159; x_wconf 85' lang='lat' dir='ltr'><strong>PLINY</strong></span> <span class='ocrx_word' id='word_1_6' title='bbox 526 135 534 158; x_wconf 89' lang='lat'><strong>:</strong></span> <span class='ocrx_word' id='word_1_7' title='bbox 583 121 848 159; x_wconf 85' lang='lat' dir='ltr'>NATURAL</span> <span class='ocrx_word' id='word_1_8' title='bbox 882 120 1119 158; x_wconf 86' lang='lat' dir='ltr'><strong>HISTORY</strong></span> 
     </span>
    </p>
   </div>
   <div class='ocr_carea' id='block_1_6' title="bbox 139 221 1325 1589">
    <p class='ocr_par' dir='ltr' id='par_1_6' title="bbox 139 221 1325 1265">
     <span class='ocr_line' id='line_1_6' title="bbox 139 221 1318 274; baseline -0.001 -14"><span class='ocrx_word' id='word_1_9' title='bbox 139 237 210 260; x_wconf 87' lang='lat' dir='ltr'>suo</span> <span class='ocrx_word' id='word_1_10' title='bbox 229 237 411 273; x_wconf 90' lang='lat' dir='ltr'>quaeque</span> <span class='ocrx_word' id='word_1_11' title='bbox 427 222 587 260; x_wconf 89' lang='lat' dir='ltr'>homine</span> <span class='ocrx_word' id='word_1_12' title='bbox 606 226 788 260; x_wconf 89' lang='lat' dir='ltr'>oriuntur</span> <span class='ocrx_word' id='word_1_13' title='bbox 803 221 819 246; x_wconf 95' lang='lat'>1</span> <span class='ocrx_word' id='word_1_14' title='bbox 836 236 909 259; x_wconf 91' lang='lat' dir='ltr'>nec</span> <span class='ocrx_word' id='word_1_15' title='bbox 927 223 1101 272; x_wconf 78' lang='lat' dir='ltr'><strong>aliquem</strong></span> <span class='ocrx_word' id='word_1_16' title='bbox 1119 226 1318 274; x_wconf 84' lang='lat' dir='ltr'>exstingui</span> 
     </span>
     <span class='ocr_line' id='line_1_7' title="bbox 142 276 1321 326; baseline 0 -13"><span class='ocrx_word' id='word_1_17' title='bbox 142 277 310 313; x_wconf 89' lang='lat' dir='ltr'>decidua</span> <span class='ocrx_word' id='word_1_18' title='bbox 337 276 571 326; x_wconf 86' lang='lat' dir='ltr'>significant.</span> <span class='ocrx_word' id='word_1_19' title='bbox 627 289 707 312; x_wconf 91' lang='lat' dir='ltr'>non</span> <span class='ocrx_word' id='word_1_20' title='bbox 733 282 849 313; x_wconf 82' lang='lat' dir='ltr'>tanta</span> <span class='ocrx_word' id='word_1_21' title='bbox 875 276 986 312; x_wconf 82' lang='lat' dir='ltr'>caelo</span> <span class='ocrx_word' id='word_1_22' title='bbox 1005 279 1172 313; x_wconf 89' lang='lat' dir='ltr'>societas</span> <span class='ocrx_word' id='word_1_23' title='bbox 1192 277 1321 313; x_wconf 89' lang='lat' dir='ltr'>nobis-</span> 
     </span>
     <span class='ocr_line' id='line_1_8' title="bbox 140 328 1321 379; baseline 0 -13"><span class='ocrx_word' id='word_1_24' title='bbox 140 343 230 366; x_wconf 90' lang='lat' dir='ltr'>cum</span> <span class='ocrx_word' id='word_1_25' title='bbox 271 335 332 366; x_wconf 89' lang='lat' dir='ltr'>est</span> <span class='ocrx_word' id='word_1_26' title='bbox 369 335 414 365; x_wconf 92' lang='lat' dir='ltr'>ut</span> <span class='ocrx_word' id='word_1_27' title='bbox 453 335 589 365; x_wconf 86' lang='lat' dir='ltr'>nostro</span> <span class='ocrx_word' id='word_1_28' title='bbox 633 328 717 365; x_wconf 85' lang='lat' dir='ltr'>fato</span> <span class='ocrx_word' id='word_1_29' title='bbox 762 329 939 365; x_wconf 87' lang='lat' dir='ltr'>mortalis</span> <span class='ocrx_word' id='word_1_30' title='bbox 977 331 1028 365; x_wconf 90' lang='lat' dir='ltr'>sit</span> <span class='ocrx_word' id='word_1_31' title='bbox 1066 329 1117 365; x_wconf 92' lang='lat' dir='ltr'>ibi</span> <span class='ocrx_word' id='word_1_32' title='bbox 1163 342 1321 379; x_wconf 90' lang='lat' dir='ltr'>quoque</span> 
     </span>
     <span class='ocr_line' id='line_1_9' title="bbox 141 381 1322 432; baseline 0 -14"><span class='ocrx_word' id='word_1_33' title='bbox 141 382 317 419; x_wconf 84' lang='lat' dir='ltr'>siderum</span> <span class='ocrx_word' id='word_1_34' title='bbox 350 381 491 432; x_wconf 83' lang='lat' dir='ltr'>fulgor.</span> <span class='ocrx_word' id='word_1_35' title='bbox 544 382 613 417; x_wconf 90' lang='lat' dir='ltr'>illa</span> <span class='ocrx_word' id='word_1_36' title='bbox 646 385 768 418; x_wconf 89' lang='lat' dir='ltr'>nimio</span> <span class='ocrx_word' id='word_1_37' title='bbox 801 381 992 418; x_wconf 87' lang='lat' dir='ltr'>alimento</span> <span class='ocrx_word' id='word_1_38' title='bbox 1024 384 1143 418; x_wconf 89' lang='lat' dir='ltr'>tracti</span> <span class='ocrx_word' id='word_1_39' title='bbox 1176 384 1322 418; x_wconf 88' lang='lat' dir='ltr'>umoris</span> 
     </span>
     <span class='ocr_line' id='line_1_10' title="bbox 141 434 1321 485; baseline -0.001 -14"><span class='ocrx_word' id='word_1_40' title='bbox 141 438 259 485; x_wconf 89' lang='lat' dir='ltr'>ignea</span> <span class='ocrx_word' id='word_1_41' title='bbox 297 438 332 471; x_wconf 84' lang='lat' dir='ltr'>vi</span> <span class='ocrx_word' id='word_1_42' title='bbox 372 434 659 471; x_wconf 76' lang='lat' dir='ltr'>abundantiam</span> <span class='ocrx_word' id='word_1_43' title='bbox 695 434 869 471; x_wconf 87' lang='lat' dir='ltr'>reddunt</span> <span class='ocrx_word' id='word_1_44' title='bbox 906 447 996 470; x_wconf 92' lang='lat' dir='ltr'>cum</span> <span class='ocrx_word' id='word_1_45' title='bbox 1025 434 1210 471; x_wconf 85' lang='lat' dir='ltr'>decidere</span> <span class='ocrx_word' id='word_1_46' title='bbox 1239 447 1321 471; x_wconf 90' lang='lat' dir='ltr'>ere-</span> 
     </span>
     <span class='ocr_line' id='line_1_11' title="bbox 140 487 1318 536; baseline -0.001 -12"><span class='ocrx_word' id='word_1_47' title='bbox 140 488 303 531; x_wconf 81' lang='lat' dir='ltr'><strong>duntur,</strong></span> <span class='ocrx_word' id='word_1_48' title='bbox 343 494 388 524; x_wconf 91' lang='lat' dir='ltr'>ut</span> <span class='ocrx_word' id='word_1_49' title='bbox 435 487 541 536; x_wconf 89' lang='lat' dir='ltr'>apud</span> <span class='ocrx_word' id='word_1_50' title='bbox 581 500 651 523; x_wconf 88' lang='lat' dir='ltr'>nos</span> <span class='ocrx_word' id='word_1_51' title='bbox 693 500 851 536; x_wconf 84' lang='lat' dir='ltr'>quoque</span> <span class='ocrx_word' id='word_1_52' title='bbox 891 487 1103 523; x_wconf 81' lang='lat' dir='ltr'><strong>luminibus</strong></span> <span class='ocrx_word' id='word_1_53' title='bbox 1145 490 1318 524; x_wconf 84' lang='lat' dir='ltr'>accensis</span> 
     </span>
     <span class='ocr_line' id='line_1_12' title="bbox 141 540 1322 590; baseline -0.001 -13"><span class='ocrx_word' id='word_1_54' title='bbox 141 541 293 590; x_wconf 89' lang='lat' dir='ltr'>liquore</span> <span class='ocrx_word' id='word_1_55' title='bbox 336 540 412 577; x_wconf 92' lang='lat' dir='ltr'>olei</span> <span class='ocrx_word' id='word_1_56' title='bbox 455 546 639 577; x_wconf 86' lang='lat' dir='ltr'>notamus</span> <span class='ocrx_word' id='word_1_57' title='bbox 683 540 876 576; x_wconf 88' lang='lat' dir='ltr'>accidere.</span> <span class='ocrx_word' id='word_1_58' title='bbox 930 545 1110 576; x_wconf 89' lang='lat' dir='ltr'>ceterum</span> <span class='ocrx_word' id='word_1_59' title='bbox 1154 546 1322 577; x_wconf 87' lang='lat' dir='ltr'>aeterna</span> 
     </span>
     <span class='ocr_line' id='line_1_13' title="bbox 140 592 1320 630; baseline -0.001 0"><span class='ocrx_word' id='word_1_60' title='bbox 140 593 379 630; x_wconf 88' lang='lat' dir='ltr'>caelestibus</span> <span class='ocrx_word' id='word_1_61' title='bbox 431 599 492 629; x_wconf 90' lang='lat' dir='ltr'>est</span> <span class='ocrx_word' id='word_1_62' title='bbox 542 599 686 629; x_wconf 82' lang='lat' dir='ltr'>natura</span> <span class='ocrx_word' id='word_1_63' title='bbox 736 593 1077 629; x_wconf 84' lang='lat' dir='ltr'>intertexentibus</span> <span class='ocrx_word' id='word_1_64' title='bbox 1127 592 1320 629; x_wconf 90' lang='lat' dir='ltr'>mundum</span> 
     </span>
     <span class='ocr_line' id='line_1_14' title="bbox 141 644 1319 695; baseline -0.001 -13"><span class='ocrx_word' id='word_1_65' title='bbox 141 649 378 695; x_wconf 87' lang='lat' dir='ltr'>intextoque</span> <span class='ocrx_word' id='word_1_66' title='bbox 421 649 631 689; x_wconf 75' lang='lat' dir='ltr'>concretis,</span> <span class='ocrx_word' id='word_1_67' title='bbox 673 648 855 695; x_wconf 86' lang='lat' dir='ltr'>potentia</span> <span class='ocrx_word' id='word_1_68' title='bbox 898 651 1034 682; x_wconf 87' lang='lat' dir='ltr'>autem</span> <span class='ocrx_word' id='word_1_69' title='bbox 1078 644 1130 682; x_wconf 91' lang='lat' dir='ltr'>ad</span> <span class='ocrx_word' id='word_1_70' title='bbox 1171 651 1319 682; x_wconf 89' lang='lat' dir='ltr'>terram</span> 
     </span>
     <span class='ocr_line' id='line_1_15' title="bbox 141 697 1322 749; baseline 0 -14"><span class='ocrx_word' id='word_1_71' title='bbox 141 712 384 749; x_wconf 77' lang='lat' dir='ltr'>magnopere</span> <span class='ocrx_word' id='word_1_72' title='bbox 414 712 551 735; x_wconf 88' lang='lat' dir='ltr'>eorum</span> <span class='ocrx_word' id='word_1_73' title='bbox 580 702 801 748; x_wconf 77' lang='lat' dir='ltr'>pertinens,</span> <span class='ocrx_word' id='word_1_74' title='bbox 831 711 932 747; x_wconf 87' lang='lat' dir='ltr'>quae</span> <span class='ocrx_word' id='word_1_75' title='bbox 962 704 1127 747; x_wconf 89' lang='lat' dir='ltr'>propter</span> <span class='ocrx_word' id='word_1_76' title='bbox 1157 697 1322 735; x_wconf 83' lang='lat' dir='ltr'>effectus</span> 
     </span>
     <span class='ocr_line' id='line_1_16' title="bbox 140 751 1322 801; baseline -0.001 -13"><span class='ocrx_word' id='word_1_77' title='bbox 140 752 446 801; x_wconf 76' lang='lat' dir='ltr'>claritatemque</span> <span class='ocrx_word' id='word_1_78' title='bbox 474 757 515 788; x_wconf 87' lang='lat' dir='ltr'>et</span> <span class='ocrx_word' id='word_1_79' title='bbox 540 751 860 801; x_wconf 80' lang='lat' dir='ltr'>magnitudinem</span> <span class='ocrx_word' id='word_1_80' title='bbox 887 754 928 787; x_wconf 93' lang='lat' dir='ltr'>in</span> <span class='ocrx_word' id='word_1_81' title='bbox 952 756 1068 787; x_wconf 88' lang='lat' dir='ltr'>tanta</span> <span class='ocrx_word' id='word_1_82' title='bbox 1095 751 1322 788; x_wconf 82' lang='lat' dir='ltr'>subtilitate</span> 
     </span>
     <span class='ocr_line' id='line_1_17' title="bbox 141 803 1321 854; baseline 0 -13"><span class='ocrx_word' id='word_1_83' title='bbox 141 808 248 841; x_wconf 89' lang='lat' dir='ltr'>nosci</span> <span class='ocrx_word' id='word_1_84' title='bbox 289 810 523 854; x_wconf 85' lang='lat' dir='ltr'>potuerunt,</span> <span class='ocrx_word' id='word_1_85' title='bbox 563 807 666 841; x_wconf 87' lang='lat' dir='ltr'>sicut</span> <span class='ocrx_word' id='word_1_86' title='bbox 706 817 776 840; x_wconf 90' lang='lat' dir='ltr'>suo</span> <span class='ocrx_word' id='word_1_87' title='bbox 817 803 1182 840; x_wconf 83' lang='lat' dir='ltr'>demonstrabimus</span> <span class='ocrx_word' id='word_1_88' title='bbox 1222 803 1321 841; x_wconf 91' lang='lat' dir='ltr'>loco.</span> 
     </span>
     <span class='ocr_line' id='line_1_18' title="bbox 139 856 1324 907; baseline -0.002 -13"><span class='ocrx_word' id='word_1_89' title='bbox 139 857 376 894; x_wconf 89' lang='lat' dir='ltr'>circulorum</span> <span class='ocrx_word' id='word_1_90' title='bbox 412 871 569 907; x_wconf 87' lang='lat' dir='ltr'>quoque</span> <span class='ocrx_word' id='word_1_91' title='bbox 604 856 705 893; x_wconf 89' lang='lat' dir='ltr'>caeli</span> <span class='ocrx_word' id='word_1_92' title='bbox 738 859 840 893; x_wconf 91' lang='lat' dir='ltr'>ratio</span> <span class='ocrx_word' id='word_1_93' title='bbox 875 859 916 893; x_wconf 88' lang='lat' dir='ltr'>in</span> <span class='ocrx_word' id='word_1_94' title='bbox 949 862 1084 892; x_wconf 89' lang='lat' dir='ltr'>terrae</span> <span class='ocrx_word' id='word_1_95' title='bbox 1119 859 1324 893; x_wconf 86' lang='lat' dir='ltr'>mentione</span> 
     </span>
     <span class='ocr_line' id='line_1_19' title="bbox 142 908 1323 960; baseline -0.002 -13"><span class='ocrx_word' id='word_1_96' title='bbox 142 913 272 960; x_wconf 89' lang='lat' dir='ltr'>aptius</span> <span class='ocrx_word' id='word_1_97' title='bbox 290 911 460 953; x_wconf 89' lang='lat' dir='ltr'>dicetur,</span> <span class='ocrx_word' id='word_1_98' title='bbox 478 909 636 959; x_wconf 86' lang='lat' dir='ltr'>quando</span> <span class='ocrx_word' id='word_1_99' title='bbox 655 909 705 946; x_wconf 89' lang='lat' dir='ltr'>ad</span> <span class='ocrx_word' id='word_1_100' title='bbox 723 923 812 946; x_wconf 88' lang='lat' dir='ltr'>eam</span> <span class='ocrx_word' id='word_1_101' title='bbox 828 915 916 946; x_wconf 85' lang='lat' dir='ltr'>tota</span> <span class='ocrx_word' id='word_1_102' title='bbox 934 912 1127 958; x_wconf 88' lang='lat' dir='ltr'>pertinet,</span> <span class='ocrx_word' id='word_1_103' title='bbox 1143 908 1323 959; x_wconf 86' lang='lat' dir='ltr'>signiferi</span> 
     </span>
     <span class='ocr_line' id='line_1_20' title="bbox 142 962 1324 1011; baseline 0 -12"><span class='ocrx_word' id='word_1_104' title='bbox 142 963 261 1000; x_wconf 90' lang='lat' dir='ltr'>modo</span> <span class='ocrx_word' id='word_1_105' title='bbox 283 964 576 1000; x_wconf 86' lang='lat' dir='ltr'>inventionibus</span> <span class='ocrx_word' id='word_1_106' title='bbox 592 962 607 985; x_wconf 82' lang='lat'><strong>²</strong></span> <span class='ocrx_word' id='word_1_107' title='bbox 634 975 713 999; x_wconf 91' lang='lat' dir='ltr'>non</span> <span class='ocrx_word' id='word_1_108' title='bbox 735 962 881 999; x_wconf 86' lang='lat' dir='ltr'>dilatis.</span> <span class='ocrx_word' id='word_1_109' title='bbox 935 962 1215 1011; x_wconf 84' lang='lat' dir='ltr'>obliquitatem</span> <span class='ocrx_word' id='word_1_110' title='bbox 1241 965 1324 999; x_wconf 89' lang='lat' dir='ltr'>eius</span> 
     </span>
     <span class='ocr_line' id='line_1_21' title="bbox 142 1015 1325 1064; baseline -0.001 -12"><span class='ocrx_word' id='word_1_111' title='bbox 142 1016 401 1059; x_wconf 80' lang='lat' dir='ltr'>intellexisse,</span> <span class='ocrx_word' id='word_1_112' title='bbox 433 1015 507 1052; x_wconf 90' lang='lat' dir='ltr'>hoc</span> <span class='ocrx_word' id='word_1_113' title='bbox 542 1022 603 1052; x_wconf 89' lang='lat' dir='ltr'>est</span> <span class='ocrx_word' id='word_1_114' title='bbox 632 1029 766 1052; x_wconf 86' lang='lat' dir='ltr'>rerum</span> <span class='ocrx_word' id='word_1_115' title='bbox 795 1015 899 1051; x_wconf 89' lang='lat' dir='ltr'>fores</span> <span class='ocrx_word' id='word_1_116' title='bbox 930 1018 1147 1064; x_wconf 88' lang='lat' dir='ltr'>aperuisse,</span> <span class='ocrx_word' id='word_1_117' title='bbox 1176 1016 1325 1052; x_wconf 88' lang='lat' dir='ltr'>Anaxi-</span> 
     </span>
     <span class='ocr_line' id='line_1_22' title="bbox 141 1067 1323 1117; baseline -0.002 -11"><span class='ocrx_word' id='word_1_118' title='bbox 141 1069 309 1106; x_wconf 87' lang='lat' dir='ltr'>mander</span> <span class='ocrx_word' id='word_1_119' title='bbox 342 1069 521 1105; x_wconf 89' lang='lat' dir='ltr'>Milesius</span> <span class='ocrx_word' id='word_1_120' title='bbox 552 1068 726 1105; x_wconf 85' lang='lat' dir='ltr'>traditur</span> <span class='ocrx_word' id='word_1_121' title='bbox 757 1071 907 1117; x_wconf 89' lang='lat' dir='ltr'>primus</span> <span class='ocrx_word' id='word_1_122' title='bbox 940 1067 1179 1117; x_wconf 87' lang='lat' dir='ltr'>Olympiade</span> <span class='ocrx_word' id='word_1_123' title='bbox 1212 1070 1323 1117; x_wconf 93' lang='lat' dir='ltr'>quin-</span> 
     </span>
     <span class='ocr_line' id='line_1_23' title="bbox 143 1120 1323 1172; baseline -0.002 -14"><span class='ocrx_word' id='word_1_124' title='bbox 143 1125 375 1172; x_wconf 87' lang='lat' dir='ltr'>quagesima</span> <span class='ocrx_word' id='word_1_125' title='bbox 404 1128 558 1165; x_wconf 88' lang='lat' dir='ltr'>octava,</span> <span class='ocrx_word' id='word_1_126' title='bbox 588 1124 702 1171; x_wconf 85' lang='lat' dir='ltr'>signa</span> <span class='ocrx_word' id='word_1_127' title='bbox 732 1120 877 1158; x_wconf 89' lang='lat' dir='ltr'>deinde</span> <span class='ocrx_word' id='word_1_128' title='bbox 908 1123 949 1156; x_wconf 86' lang='lat' dir='ltr'>in</span> <span class='ocrx_word' id='word_1_129' title='bbox 980 1133 1027 1157; x_wconf 92' lang='lat' dir='ltr'>eo</span> <span class='ocrx_word' id='word_1_130' title='bbox 1059 1120 1323 1164; x_wconf 85' lang='lat' dir='ltr'>Cleostratus,</span> 
     </span>
     <span class='ocr_line' id='line_1_24' title="bbox 143 1173 1323 1224; baseline -0.002 -12"><span class='ocrx_word' id='word_1_131' title='bbox 143 1181 185 1212; x_wconf 85' lang='lat' dir='ltr'>et</span> <span class='ocrx_word' id='word_1_132' title='bbox 212 1178 339 1224; x_wconf 88' lang='lat' dir='ltr'>prima</span> <span class='ocrx_word' id='word_1_133' title='bbox 365 1177 499 1211; x_wconf 83' lang='lat' dir='ltr'>arietis</span> <span class='ocrx_word' id='word_1_134' title='bbox 527 1188 571 1211; x_wconf 92' lang='lat' dir='ltr'>ac</span> <span class='ocrx_word' id='word_1_135' title='bbox 597 1177 810 1224; x_wconf 88' lang='lat' dir='ltr'>sagittarii,</span> <span class='ocrx_word' id='word_1_136' title='bbox 835 1173 1046 1223; x_wconf 87' lang='lat' dir='ltr'>sphaeram</span> <span class='ocrx_word' id='word_1_137' title='bbox 1075 1176 1201 1223; x_wconf 87' lang='lat' dir='ltr'>ipsam</span> <span class='ocrx_word' id='word_1_138' title='bbox 1228 1179 1323 1211; x_wconf 90' lang='lat' dir='ltr'>ante</span> 
     </span>
     <span class='ocr_line' id='line_1_25' title="bbox 141 1227 416 1265; baseline 0.004 -1"><span class='ocrx_word' id='word_1_139' title='bbox 141 1228 268 1265; x_wconf 87' lang='lat' dir='ltr'>multo</span> <span class='ocrx_word' id='word_1_140' title='bbox 288 1227 416 1265; x_wconf 81' lang='lat' dir='ltr'>Atlas.</span> 
     </span>
    </p>

    <p class='ocr_par' dir='ltr' id='par_1_7' title="bbox 142 1279 1325 1589">
     <span class='ocr_line' id='line_1_26' title="bbox 194 1279 1325 1329; baseline -0.003 -12"><span class='ocrx_word' id='word_1_141' title='bbox 194 1281 307 1317; x_wconf 90' lang='lat' dir='ltr'>Nunc</span> <span class='ocrx_word' id='word_1_142' title='bbox 338 1280 478 1317; x_wconf 89' lang='lat' dir='ltr'>relicto</span> <span class='ocrx_word' id='word_1_143' title='bbox 510 1279 647 1316; x_wconf 83' lang='lat' dir='ltr'>mundi</span> <span class='ocrx_word' id='word_1_144' title='bbox 679 1282 800 1329; x_wconf 91' lang='lat' dir='ltr'>ipsius</span> <span class='ocrx_word' id='word_1_145' title='bbox 833 1292 1000 1328; x_wconf 87' lang='lat' dir='ltr'>corpore</span> <span class='ocrx_word' id='word_1_146' title='bbox 1032 1279 1187 1327; x_wconf 78' lang='lat' dir='ltr'>reliqua</span> <span class='ocrx_word' id='word_1_147' title='bbox 1219 1281 1325 1315; x_wconf 90' lang='lat' dir='ltr'>inter</span> 
     </span>
     <span class='ocr_line' id='line_1_27' title="bbox 143 1331 1325 1382; baseline -0.003 -12"><span class='ocrx_word' id='word_1_148' title='bbox 143 1334 299 1370; x_wconf 88' lang='lat' dir='ltr'>caelum</span> <span class='ocrx_word' id='word_1_149' title='bbox 332 1339 541 1382; x_wconf 89' lang='lat' dir='ltr'>terrasque</span> <span class='ocrx_word' id='word_1_150' title='bbox 573 1338 812 1369; x_wconf 86' lang='lat' dir='ltr'>tractentur.</span> <span class='ocrx_word' id='word_1_151' title='bbox 866 1345 1066 1368; x_wconf 91' lang='lat' dir='ltr'>summum</span> <span class='ocrx_word' id='word_1_152' title='bbox 1099 1344 1186 1368; x_wconf 88' lang='lat' dir='ltr'>esse</span> <span class='ocrx_word' id='word_1_153' title='bbox 1220 1331 1325 1381; x_wconf 91' lang='lat' dir='ltr'>quod</span> 
     </span>
     <span class='ocr_line' id='line_1_28' title="bbox 144 1384 1323 1434; baseline -0.003 -11"><span class='ocrx_word' id='word_1_154' title='bbox 144 1392 286 1423; x_wconf 90' lang='lat' dir='ltr'>vocant</span> <span class='ocrx_word' id='word_1_155' title='bbox 323 1386 483 1423; x_wconf 86' lang='lat' dir='ltr'>Saturni</span> <span class='ocrx_word' id='word_1_156' title='bbox 519 1386 626 1422; x_wconf 87' lang='lat' dir='ltr'>sidus</span> <span class='ocrx_word' id='word_1_157' title='bbox 663 1385 834 1434; x_wconf 88' lang='lat' dir='ltr'>ideoque</span> <span class='ocrx_word' id='word_1_158' title='bbox 871 1387 1080 1421; x_wconf 86' lang='lat' dir='ltr'>minimum</span> <span class='ocrx_word' id='word_1_159' title='bbox 1117 1384 1243 1421; x_wconf 90' lang='lat' dir='ltr'>videri</span> <span class='ocrx_word' id='word_1_160' title='bbox 1281 1390 1323 1421; x_wconf 85' lang='lat' dir='ltr'>et</span> 
     </span>
     <span class='ocr_line' id='line_1_29' title="bbox 142 1438 1324 1476; baseline -0.003 0"><span class='ocrx_word' id='word_1_161' title='bbox 142 1443 317 1476; x_wconf 86' lang='lat' dir='ltr'>maximo</span> <span class='ocrx_word' id='word_1_162' title='bbox 362 1439 514 1475; x_wconf 89' lang='lat' dir='ltr'>ambire</span> <span class='ocrx_word' id='word_1_163' title='bbox 558 1438 706 1475; x_wconf 91' lang='lat' dir='ltr'>circulo</span> <span class='ocrx_word' id='word_1_164' title='bbox 751 1451 796 1474; x_wconf 90' lang='lat' dir='ltr'>ac</span> <span class='ocrx_word' id='word_1_165' title='bbox 840 1440 1043 1474; x_wconf 87' lang='lat' dir='ltr'>tricesimo</span> <span class='ocrx_word' id='word_1_166' title='bbox 1088 1450 1191 1473; x_wconf 91' lang='lat' dir='ltr'>anno</span> <span class='ocrx_word' id='word_1_167' title='bbox 1235 1451 1324 1474; x_wconf 90' lang='lat' dir='ltr'>curn</span> 
     </span>
     <span class='ocr_line' id='line_1_30' title="bbox 142 1490 1324 1540; baseline -0.003 -11"><span class='ocrx_word' id='word_1_168' title='bbox 142 1493 371 1529; x_wconf 82' lang='lat' dir='ltr'>brevissime</span> <span class='ocrx_word' id='word_1_169' title='bbox 399 1491 481 1528; x_wconf 80' lang='lat' dir='ltr'>ad³</span> <span class='ocrx_word' id='word_1_170' title='bbox 509 1491 613 1528; x_wconf 85' lang='lat' dir='ltr'>sedis</span> <span class='ocrx_word' id='word_1_171' title='bbox 640 1504 735 1527; x_wconf 87' lang='lat' dir='ltr'>suae</span> <span class='ocrx_word' id='word_1_172' title='bbox 762 1493 956 1540; x_wconf 87' lang='lat' dir='ltr'>principia</span> <span class='ocrx_word' id='word_1_173' title='bbox 982 1490 1141 1540; x_wconf 87' lang='lat' dir='ltr'>regredi</span> <span class='ocrx_word' id='word_1_174' title='bbox 1169 1496 1324 1527; x_wconf 89' lang='lat' dir='ltr'>certum</span> 
     </span>
     <span class='ocr_line' id='line_1_31' title="bbox 143 1543 1321 1589; baseline -0.003 -7"><span class='ocrx_word' id='word_1_175' title='bbox 143 1551 228 1589; x_wconf 81' lang='lat' dir='ltr'>est3</span> <span class='ocrx_word' id='word_1_176' title='bbox 281 1548 456 1581; x_wconf 90' lang='lat' dir='ltr'>omnium</span> <span class='ocrx_word' id='word_1_177' title='bbox 497 1550 633 1581; x_wconf 86' lang='lat' dir='ltr'>autem</span> <span class='ocrx_word' id='word_1_178' title='bbox 673 1546 893 1581; x_wconf 85' lang='lat' dir='ltr'>errantium</span> <span class='ocrx_word' id='word_1_179' title='bbox 934 1543 1110 1580; x_wconf 88' lang='lat' dir='ltr'>siderum</span> <span class='ocrx_word' id='word_1_180' title='bbox 1150 1548 1321 1586; x_wconf 84' lang='lat' dir='ltr'>meatus,</span> 
     </span>
    </p>
   </div>
   <div class='ocr_carea' id='block_1_7' title="bbox 293 1661 1195 1787">
    <p class='ocr_par' dir='ltr' id='par_1_8' title="bbox 293 1661 1195 1787">
     <span class='ocr_line' id='line_1_32' title="bbox 295 1661 1195 1703; baseline -0.003 -9"><span class='ocrx_word' id='word_1_181' title='bbox 295 1664 306 1683; x_wconf 89' lang='lat'>¹</span> <span class='ocrx_word' id='word_1_182' title='bbox 330 1662 516 1703; x_wconf 68' lang='lat' dir='ltr'>Deilefsen:</span> <span class='ocrx_word' id='word_1_183' title='bbox 549 1666 626 1692; x_wconf 79' lang='lat' dir='ltr'>orta</span> <span class='ocrx_word' id='word_1_184' title='bbox 645 1662 802 1692; x_wconf 77' lang='lat' dir='ltr'>oriuntur</span> <span class='ocrx_word' id='word_1_185' title='bbox 819 1665 877 1692; x_wconf 80' lang='lat' dir='ltr'>aut</span> <span class='ocrx_word' id='word_1_186' title='bbox 895 1664 972 1692; x_wconf 78' lang='lat' dir='ltr'>orta</span> <span class='ocrx_word' id='word_1_187' title='bbox 992 1661 1195 1691; x_wconf 85' lang='lat' dir='ltr'>moriuntur.</span> 
     </span>
     <span class='ocr_line' id='line_1_33' title="bbox 293 1704 699 1737; baseline -0.007 0"><span class='ocrx_word' id='word_1_188' title='bbox 293 1706 305 1724; x_wconf 88' lang='lat'><strong>²</strong></span> <span class='ocrx_word' id='word_1_189' title='bbox 329 1705 567 1737; x_wconf 78' lang='lat' dir='ltr'>inventoribus</span> <span class='ocrx_word' id='word_1_190' title='bbox 582 1704 699 1735; x_wconf 69' lang='lat' dir='ltr'>Sabell.</span> 
     </span>
     <span class='ocr_line' id='line_1_34' title="bbox 293 1746 974 1787; baseline -0.004 -8"><span class='ocrx_word' id='word_1_191' title='bbox 293 1748 306 1767; x_wconf 88' lang='lat'>³</span> <span class='ocrx_word' id='word_1_192' title='bbox 330 1748 381 1779; x_wconf 85' lang='lat' dir='ltr'>v.l.</span> <span class='ocrx_word' id='word_1_193' title='bbox 397 1748 442 1779; x_wconf 88' lang='lat' dir='ltr'>ad</span> <span class='ocrx_word' id='word_1_194' title='bbox 457 1747 656 1778; x_wconf 84' lang='lat' dir='ltr'>brevissima</span> <span class='ocrx_word' id='word_1_195' title='bbox 670 1746 759 1778; x_wconf 72' lang='lat' dir='ltr'>codd.</span> <span class='ocrx_word' id='word_1_196' title='bbox 768 1746 838 1787; x_wconf 85' lang='lat' dir='ltr'>sere</span> <span class='ocrx_word' id='word_1_197' title='bbox 852 1755 974 1777; x_wconf 70' lang='lat' dir='ltr'>omnes.</span> 
     </span>
    </p>
   </div>
   <div class='ocr_carea' id='block_1_8' title="bbox 367 1929 1106 2007">
    <p class='ocr_par' dir='ltr' id='par_1_9' title="bbox 367 1929 1106 2007">
     <span class='ocr_line' id='line_1_35' title="bbox 367 1929 1106 1965; baseline -0.005 0"><span class='ocrx_word' id='word_1_198' title='bbox 367 1937 380 1951; x_wconf 83' lang='lat'>&#39;²</span> <span class='ocrx_word' id='word_1_199' title='bbox 403 1933 525 1965; x_wconf 89' lang='lat' dir='ltr'><strong>XVIII</strong></span> <span class='ocrx_word' id='word_1_200' title='bbox 541 1934 605 1964; x_wconf 86' lang='lat'>210</span> <span class='ocrx_word' id='word_1_201' title='bbox 619 1932 654 1963; x_wconf 86' lang='lat' dir='ltr'>ff.</span> <span class='ocrx_word' id='word_1_202' title='bbox 891 1930 903 1949; x_wconf 77' lang='lat'><em>⁶</em></span> <span class='ocrx_word' id='word_1_203' title='bbox 927 1930 974 1961; x_wconf 89' lang='lat' dir='ltr'>VI</span> <span class='ocrx_word' id='word_1_204' title='bbox 992 1931 1052 1962; x_wconf 84' lang='lat'>211</span> <span class='ocrx_word' id='word_1_205' title='bbox 1071 1929 1106 1962; x_wconf 84' lang='lat' dir='ltr'>ff.</span> 
     </span>
     <span class='ocr_line' id='line_1_36' title="bbox 603 1975 870 2007; baseline -0.004 0"><span class='ocrx_word' id='word_1_206' title='bbox 603 1979 615 1994; x_wconf 78' lang='lat'><strong>⁰</strong></span> <span class='ocrx_word' id='word_1_207' title='bbox 637 1975 787 2007; x_wconf 82' lang='lat'>548-545</span> <span class='ocrx_word' id='word_1_208' title='bbox 803 1982 870 2006; x_wconf 67' lang='lat' dir='ltr'>B-O.</span> 
     </span>
    </p>
   </div>
   <div class='ocr_carea' id='block_1_9' title="bbox 152 2038 221 2074">
    <p class='ocr_par' dir='ltr' id='par_1_10' title="bbox 152 2038 221 2074">
     <span class='ocr_line' id='line_1_37' title="bbox 152 2038 221 2074; baseline -0.014 0"><span class='ocrx_word' id='word_1_209' title='bbox 152 2038 221 2074; x_wconf 88' lang='lat'>188</span> 
     </span>
    </p>
   </div>
  </div>
 </body>
</html>
