1471 2326
133 230 176 262 93

137 865 180 896 94

401 122 568 160 PLINY
582 135 591 160 t
640 121 905 160 NATURAL
938 120 1175 159 HISTORY

200 225 293 262 locis
309 228 453 262 emicet
467 236 475 267 3
500 225 690 261 tibiarum
701 226 834 273 specie
845 225 1020 260 musicae
1033 225 1109 259 arti
1120 222 1377 272 portendere,

201 289 380 325 obscenis
416 294 553 324 autem
586 287 762 324 moribus
797 289 837 323 in
871 286 1054 323 verendis
1088 286 1267 335 partibus
1301 289 1378 336 sig-

201 365 356 395 norum,
382 354 550 401 ingeniis
579 357 620 388 et
647 350 862 387 eruditioni
887 353 920 386 si
944 353 1186 399 triquetram
1212 349 1376 399 figuram

202 415 489 464 quadratamve
516 415 677 464 paribus
706 414 860 464 angulis
888 413 939 450 ad
966 413 1116 462 aliquos
1143 416 1378 462 perennium

201 479 410 515 stellarum
454 481 552 514 situs
599 478 706 521 edat,
751 490 906 514 venena
949 476 1119 513 fundere
1163 479 1205 513 in
1247 479 1379 526 capite

201 542 524 591 septentrionalis
544 544 795 578 austrinaeve
814 543 1022 590 serpentis.

253 605 439 642 Cometes
461 608 502 641 in
523 618 602 641 uno
622 608 746 649 totius
769 605 874 641 orbis
894 604 981 641 loco
1003 604 1147 640 colitur
1167 606 1208 640 in
1228 603 1381 653 templo

203 668 369 712 Romae,
403 669 618 705 admodum
652 668 805 705 faustus
840 668 930 704 divo
964 668 1150 717 Augusto
1184 667 1379 704 iudicatus

203 733 254 768 ab
272 736 370 782 ipso,
388 735 454 782 qui
471 735 686 782 incipiente
706 745 752 768 eo
771 734 956 781 apparuit
971 731 1073 768 ludis
1092 744 1190 780 quos
1207 730 1381 768 faciebat

203 795 350 832 Veneri
393 796 599 832 Genetrici
640 809 720 832 non
760 795 888 832 multo
930 800 1021 844 post
1063 795 1216 831 obitum
1257 797 1382 844 patris

206 859 385 896 Caesaris
420 863 459 895 in
494 859 663 909 collegio
698 859 748 895 ab
784 872 831 895 eo
866 861 1062 895 instituto.
1116 871 1289 907 namque
1322 857 1382 895 his

205 923 332 959 verbis
349 923 389 959 id
404 923 594 972 gaudium
614 922 769 971 prodit:
801 929 809 944 ‘
826 922 878 958 Iis
894 924 986 971 ipsis
1002 921 1187 958 ludorum
1201 934 1383 958 meorum

204 986 343 1023 diebus
377 986 483 1022 sidus
516 989 703 1023 crinitum
736 999 809 1035 per
841 991 997 1034 septem
1031 985 1114 1022 dies
1147 987 1189 1021 in
1218 987 1382 1035 regione

203 1050 303 1086 caeli
332 1063 434 1099 quae
462 1050 535 1086 sub
555 1050 894 1099 septentrionibus
916 1054 979 1086 est
997 1054 1259 1098 conspectum
1287 1049 1381 1086 est.¹

204 1113 245 1150 id
267 1114 470 1150 oriebatur
492 1116 596 1150 circa
618 1113 870 1150 undecimam
892 1112 1031 1149 horam
1053 1112 1133 1149 diei
1153 1112 1384 1162 clarumque

206 1184 247 1214 et
288 1178 467 1214 omnibus
510 1191 531 1213 e
570 1180 690 1214 terris
730 1179 986 1225 conspicuum
1025 1175 1112 1212 fuit.
1167 1189 1215 1213 eo
1253 1176 1384 1214 sidere

204 1241 415 1290 significari
458 1241 594 1291 volgus
628 1240 799 1277 credidit
841 1239 1021 1277 Caesaris
1064 1242 1237 1276 animam
1280 1243 1384 1277 inter

205 1304 373 1340 deorum
395 1304 681 1341 immortalium
705 1307 868 1340 numina
889 1309 1109 1352 receptam,
1127 1316 1205 1352 quo
1226 1306 1384 1341 nomine

205 1367 246 1404 id
272 1371 425 1418 insigne
451 1368 662 1404 simulacro
689 1370 829 1416 capitis
857 1370 955 1411 eius,
982 1366 1088 1416 quod
1113 1380 1206 1403 mox
1232 1370 1273 1403 in
1297 1366 1386 1404 foro

205 1434 535 1475 consecravimus,
551 1431 751 1468 adiectum
766 1431 854 1467 est.'
907 1430 1006 1467 haec
1022 1430 1090 1467 ille
1106 1433 1145 1466 in
1161 1430 1363 1480 publicum
1377 1445 1386 1468 z

206 1497 397 1531 interiore
423 1495 568 1545 gaudio
593 1495 666 1531 sibi
691 1495 803 1531 illum
828 1500 969 1531 natum
994 1507 1116 1544 seque
1142 1497 1182 1530 in
1208 1507 1255 1531 eo
1279 1498 1385 1531 nasci

206 1561 495 1608 interpretatus
521 1564 605 1602 est;
643 1564 699 1602 et,
721 1561 753 1594 si
776 1571 915 1594 verum
939 1557 1127 1601 fatemur,
1149 1557 1324 1595 salutare
1347 1559 1386 1596 id

204 1625 321 1659 terris
338 1622 425 1659 fuit.

257 1685 357 1722 Sunt
392 1689 458 1735 qui
494 1692 535 1723 et
568 1685 666 1722 haec
700 1685 833 1722 sidera
866 1691 1064 1735 perpetua
1099 1698 1186 1722 esse
1219 1685 1387 1723 credant

205 1761 356 1798 suoque
379 1750 531 1786 ambitu
551 1753 623 1793 ire,
643 1749 714 1786 sed
735 1762 815 1785 non
834 1752 908 1785 nisi
928 1749 1070 1786 relicta
1091 1749 1140 1786 ab
1161 1749 1244 1786 sole
1265 1753 1388 1794 cerni,

479 1843 491 1863 ¹
515 1847 566 1874 est
589 1843 665 1874 add.
690 1842 752 1879 (ml
775 1842 807 1873 id
832 1847 910 1882 om.)
933 1841 1112 1873 Raclsham.

459 1967 473 1981 ‘³
497 1962 657 1993 Between
672 1962 732 1993 the
748 1961 854 1993 Great
869 1961 939 1992 and
955 1960 1060 1992 Little
1076 1960 1174 1991 Bear.

206 2025 276 2073 236
