1471 2326
113 242 172 273 131

111 1485 174 1517 133

393 134 583 173 PLINY:
634 136 898 174 NATURAL
933 136 1170 174 HISTORY

248 236 395 274 XLIX.
425 236 539 273 Nunc
561 236 611 273 de
632 240 850 287 repentinis
873 236 1045 282 flatibus,
1067 241 1134 287 qui
1157 238 1372 276 exhalante

196 311 320 349 terra,
357 311 402 342 ut
440 306 591 342 dictum
630 312 705 350 est,
736 309 863 342 coorti
899 319 1113 356 rursusque
1149 307 1295 344 deiecti
1332 310 1373 344 in

195 374 370 411 terraml
385 375 559 411 obducta
573 375 738 411 nubium
757 381 864 419 cute,
878 375 1140 413 multiformes
1162 379 1370 414 exsistunt.

197 446 288 493 vagi
311 446 458 493 quippe
483 450 524 480 et
551 450 714 480 ruentes
742 447 984 481 torrentium
1005 444 1124 482 modo
1148 445 1209 494 (ut
1232 445 1372 495 aliquis

196 512 355 562 placere
408 512 668 562 ostendimus)
714 515 892 550 tonitrua
934 519 976 550 et
1022 512 1180 564 fulgura
1233 514 1371 552 edunt.

196 584 345 618 maiore
365 595 459 618 vero
477 581 590 618 inlati
612 582 790 631 pondere
814 585 1051 632 incursuque
1074 585 1105 619 si
1124 583 1206 620 late
1228 586 1372 620 siccam

194 663 339 699 rupere
373 651 536 694 nubem,
571 651 786 700 procellam
813 654 983 701 gignunt
1013 665 1115 701 quae
1151 658 1314 689 vocatur
1349 666 1373 690 a

197 719 359 756 Graecis
401 719 626 769 ecnephias,
655 723 716 756 sin
756 734 850 757 vero
891 720 1080 770 depresso
1120 724 1208 757 sinu
1249 724 1371 758 artius

194 791 315 825 rotati
350 787 607 839 effregerunt,
635 792 719 826 sine
747 792 854 839 igne,
881 789 956 826 hoc
985 795 1047 826 est
1074 792 1159 826 sine
1192 789 1373 834 fulmine,

197 860 389 894 verticem
410 857 561 895 faciunt
584 861 651 908 qui
673 857 828 908 typhon
849 864 1027 902 vocatur,
1047 858 1089 895 id
1111 864 1173 896 est
1193 859 1371 896 vibratus

199 926 421 976 ecnephias.
476 926 609 964 defert
644 926 707 964 hic
743 941 878 964 secum
915 927 1064 977 aliquid
1101 928 1313 977 abreptum
1350 941 1372 965 e

195 996 302 1032 nube
325 996 440 1032 calidi
456 995 471 1018 2
494 996 730 1033 convolvens
753 1010 995 1046 versansque
1019 1003 1061 1034 et
1082 1000 1237 1033 ruinam
1259 1010 1371 1034 suam

192 1065 261 1101 illo
298 1065 476 1114 pondere
509 1065 729 1115 adgravans
768 1079 813 1102 ac
840 1065 971 1102 locum
1009 1079 1059 1103 ex
1096 1066 1181 1103 loeo
1213 1072 1372 1103 mutans

195 1134 334 1183 rapida
359 1137 570 1185 vertigine,
594 1138 810 1184 praecipua
833 1138 1107 1185 navigantium
1130 1138 1268 1185 pestis,
1292 1148 1372 1172 non

195 1210 404 1240 antemnas
419 1203 537 1240 modo
551 1217 691 1240 verum
704 1207 789 1253 ipsa
802 1207 959 1254 navigia
972 1210 1157 1241 contorta
1169 1204 1371 1254 frangens,

195 1275 308 1310 tenui
323 1273 500 1310 remedio
516 1276 619 1310 aceti
634 1276 674 1309 in
689 1273 971 1310 advenientem
987 1272 1111 1317 effusi,
1125 1277 1187 1310 cui
1201 1273 1372 1324 frigidis-

193 1345 293 1378 sima
311 1348 371 1379 est
387 1348 541 1379 natura.
595 1342 703 1379 idem
717 1342 833 1379 inlisu
848 1345 933 1392 ipso
947 1356 1200 1392 repercussus
1215 1356 1373 1393 correp-

194 1416 238 1448 ta
258 1424 393 1448 secum
412 1414 453 1447 in
473 1411 628 1448 caelum
646 1411 773 1449 refert
791 1412 1008 1461 sorbetque
1027 1415 1069 1448 in
1089 1412 1301 1449 excelsum.

250 1480 294 1517 L.
324 1480 442 1526 Quod
491 1484 522 1517 si
570 1484 720 1517 maiore
769 1480 982 1530 depressae
1032 1481 1146 1518 nubis
1195 1484 1374 1531 eruperit

194 1562 316 1599 specu
333 1549 405 1587 sed
420 1553 548 1586 minus
566 1550 648 1587 lato
667 1563 787 1600 quam
803 1550 993 1599 procella,
1009 1563 1083 1587 nec
1099 1553 1184 1587 sine
1199 1549 1374 1600 fragore,

193 1619 396 1656 turbinem
430 1625 572 1656 vocant
605 1622 787 1669 proxima
821 1632 1004 1669 quaeque
1037 1625 1372 1669 prosternentem.

194 1688 301 1724 idem
323 1688 526 1725 ardentior
547 1701 815 1738 accensusque
836 1688 932 1725 dum
951 1688 1063 1732 furit,
1082 1694 1241 1738 prester
1261 1701 1373 1725 voca-

194 1763 260 1794 tur
292 1758 503 1794 amburens
535 1763 721 1794 contacta
751 1760 903 1807 pariter
935 1763 976 1794 et
1006 1763 1228 1807 proterens.
1283 1757 1373 1794 Non

496 1838 508 1857 ¹
535 1838 736 1869 Caesarius:
767 1838 914 1869 interim.

492 1881 504 1899 ²
529 1880 691 1922 belles-sen
706 1892 713 1911 ε
741 1880 842 1920 gelidi
857 1885 915 1912 aut
931 1880 1053 1922 gelida.

390 1986 406 2002 ⁸
428 1984 528 2023 §1111
680 1981 693 2002 δ
715 1983 818 2023 §112.
978 1986 992 2003 ·
1013 1982 1064 2015 Of.
1080 1983 1095 2023 ξ
1112 1983 1184 2015 133.

188 2046 260 2082 270
