1471 2326
382 110 549 150 PLINY
563 125 572 149 ε
621 112 884 150 NATURAL
918 111 1155 150 HISTORY

178 213 367 250 subiectis
406 214 564 250 Ariciae
603 216 703 250 arvis
741 217 774 250 si
811 214 929 251 carbo
967 214 1176 259 deciderit,
1213 215 1354 253 ardere

178 272 345 311 terram,
370 270 410 304 in
435 280 532 317 agro
559 266 702 303 Sabino
730 273 772 304 et
797 267 969 304 Sidicino
994 273 1159 304 unctum
1185 267 1354 318 flagrare

178 320 366 370 lapidem,
387 323 427 356 in
449 320 668 357 Sallentino
690 320 835 370 oppido
857 321 1032 370 Egnatia
1052 324 1224 370 inposito
1246 322 1354 372 ligno

179 376 220 410 in
253 387 393 410 saxum
428 374 627 423 quoddam
661 374 715 410 ibi
748 387 905 410 sacrum
938 377 1118 423 protinus
1153 374 1354 411 flammam

181 430 369 470 existere,
386 430 426 463 in
445 427 630 463 Laciniae
650 427 808 463 Iunonis
828 440 896 463 ara
912 427 986 463 sub
1003 427 1069 464 diu
1087 430 1164 464 sita
1180 431 1354 464 cinerem

93 485 156 517 241
182 480 410 517 inmobilem
435 493 520 517 esse
544 479 802 529 perflantibus
817 480 991 530 undique
1014 480 1220 530 procellis3
1260 484 1355 531 quin

181 539 223 570 et
240 536 469 583 repentinos
490 536 664 570 existere
682 536 794 583 ignes
814 539 856 570 et
874 536 915 570 in
933 537 1044 584 aquis
1064 539 1106 571 et
1123 537 1165 570 in
1181 537 1355 583 corpori-

178 587 266 631 bus,
306 589 428 624 etiam
468 586 672 623 humanis:
727 586 1004 624 Trasimenum
1042 587 1172 624 lacum
1211 590 1354 624 arsisse

178 646 325 684 totum,
348 639 483 677 Servio
505 640 634 677 Tullio
657 640 870 677 dormienti
892 643 932 676 in
955 643 1127 689 pueritia
1150 654 1200 677 ex
1222 643 1354 690 capite

179 693 381 730 flammam
399 696 619 737 emicuisse,
637 693 681 730 L.
702 693 856 730 Marcio
872 696 914 730 in
929 694 1122 743 Hispania
1138 696 1356 744 interemp-

178 750 230 784 tis
263 746 507 796 Scipionibus
541 749 788 783 contionanti
821 752 863 783 et
895 747 1042 784 milites
1076 747 1126 784 ad
1160 747 1355 784 ultionem

179 800 410 837 exhortanti
459 803 601 837 arsisse
650 800 768 837 simili
816 800 933 837 modo
982 799 1163 837 Valerius
1213 801 1355 837 Antias

178 859 327 890 narrat.
380 854 495 903 plura
508 867 600 890 mox
615 859 656 890 et
669 853 892 890 distinctius
907 865 916 897 ;
945 866 1049 890 nunc
1063 856 1169 890 enim
1182 854 1355 904 quadam

177 910 354 944 mixtura
366 920 501 944 rerum
516 909 690 943 omnium
708 906 947 944 exhibentur
961 907 1162 944 miracula.
1215 920 1355 944 verum

178 973 340 1010 egressa
388 974 500 997 mens
549 963 925 1010 interpretationem
974 966 1141 997 naturae
1190 959 1355 998 festinat

177 1014 397 1064 legentium
436 1016 585 1050 animos
623 1027 696 1063 per
732 1019 864 1051 totum
901 1014 1040 1051 orbem
1077 1013 1200 1051 veluti
1232 1027 1354 1051 manu

177 1067 335 1104 ducere.

91 1126 157 1158 242
231 1121 356 1157 CXII.
411 1121 506 1157 Pars
543 1126 679 1157 nostra
713 1126 929 1164 terrarum,
963 1120 1015 1158 de
1051 1133 1129 1170 qua
1163 1133 1355 1165 memoro,

177 1175 369 1211 ambienti
410 1174 471 1224 (ut
511 1174 662 1211 dictum
704 1174 782 1224 est)
823 1187 971 1211 oceano
1018 1174 1130 1211 velut
1169 1177 1352 1211 innatans

177 1228 407 1278 longissime
439 1228 489 1263 ab
522 1234 613 1264 ortu
645 1227 696 1264 ad
727 1240 909 1264 occasum
943 1232 1072 1277 patet,
1103 1226 1177 1264 hoc
1210 1233 1271 1264 est
1302 1227 1354 1265 ab

176 1281 290 1318 India
345 1281 395 1318 ad
451 1280 646 1317 Herculi1
695 1281 896 1317 columnas
953 1280 1129 1318 Gadibus
1178 1286 1353 1318 sacratas

179 1342 388 1395 {LXXXVl
413 1336 593 1379 ml
614 1355 667 1391 p.‚
687 1348 732 1379 ut
752 1342 1009 1379 Artemidoro
1029 1345 1183 1380 auctori
1205 1341 1353 1393 placet,

177 1411 222 1441 ut
266 1418 360 1441 vero
408 1404 574 1448 Isidoro,
616 1402 809 1457 {XCVIII}
858 1403 1009 1441 XVIII.
1074 1403 1353 1442 Artemidorus

176 1458 298 1495 adicit
326 1458 494 1507 amplius
519 1471 542 1494 a
566 1457 742 1494 Gadibus
769 1460 937 1494 circuitu
965 1459 1065 1494 sacri
1088 1459 1353 1507 promunturii

175 1512 226 1548 ad
256 1514 578 1561 promunturium
609 1511 843 1554 Artabrum,
875 1524 952 1560 quo
983 1510 1214 1561 longissime
1244 1510 1352 1548 frons

89 1578 154 1610 243
178 1578 385 1622 procurrat
416 1573 647 1622 Hispaniae,
681 1572 945 1609 DCCCXCD.
1001 1571 1194 1609 Mensura
1230 1574 1354 1610 currit

175 1627 323 1676 duplici
342 1629 431 1663 via:
468 1639 492 1662 a
521 1626 661 1676 Gange
689 1639 804 1662 amne
833 1628 1013 1675 ostioque
1035 1628 1117 1662 eius
1146 1638 1225 1676 quo
1249 1638 1292 1663 se
1312 1628 1352 1662 in

175 1680 303 1717 Eoum
328 1693 521 1718 oceanum
547 1679 713 1717 effundit
737 1692 810 1729 per
836 1679 990 1716 Indiam
1015 1677 1352 1730 Parthyenenque

549 1760 563 1780 ²
588 1759 757 1792 Rackha‘m
771 1771 779 1792 ε
807 1759 976 1792 Herculis.

1247 1822 1347 1832 -v——-..

276 1868 291 1884 ⁸
314 1864 354 1895 In
369 1864 564 1905 Campania.

278 1907 291 1927 ⁸
315 1907 354 1938 In
371 1907 429 1938 the
445 1907 521 1938 sE.
537 1907 635 1948 point
649 1905 688 1937 of
699 1905 803 1948 Italy.

281 1954 293 1970 θ
315 1950 408 1992 Capo
425 1948 512 1979 della
529 1949 691 1982 Colonna.

276 1994 290 2011 ³
313 1993 407 2035 They
422 1992 479 2025 feu
491 1993 527 2024 in
541 1991 651 2025 battle
663 1991 748 2024 with
760 1990 820 2024 th·
831 1994 1111 2033 Cannaginjzms
1125 1995 1192 2026 212
1209 2002 1282 2025 EC.

173 2047 245 2095 366
