1471 2326
367 118 534 156 PLINY
548 133 556 157 :
606 120 870 158 NATURAL
904 121 1141 160 HISTORY

168 219 391 256 brumalem
420 227 461 257 et
488 221 711 265 meridiem,
738 225 835 259 item
862 225 968 259 inter
997 223 1097 260 Liba
1125 230 1167 261 et
1194 224 1342 262 Notum

169 293 419 338 conpositum
450 303 499 326 ex
528 296 699 340 utroque
728 291 904 328 medium
933 294 1039 328 inter
1066 293 1274 330 meridiem
1304 300 1346 330 et

169 357 380 395 hibernum
413 359 662 396 occidentem
696 360 949 397 Libonotum.
1017 375 1089 398 nec
1123 362 1230 398 finis:
1280 363 1346 399 alii

170 430 317 477 quippe
361 427 505 464 Mesen
546 431 705 465 nomine
748 432 967 466 etiamnum
1009 430 1199 468 addidere
1240 435 1345 468 inter

169 496 325 533 Borean
371 503 411 533 et
456 497 640 540 Caecizm,
685 504 727 534 et
770 501 876 535 inter
919 499 1070 535 Eurum
1115 500 1347 549 Notumque

169 565 429 602 Euronotum.
485 572 577 603 sunt
613 569 717 603 enim
752 567 913 616 quidam
940 569 1158 617 peculiares
1187 570 1346 619 quibus-

169 647 247 684 que
278 635 464 684 gentibus
497 639 619 679 venti,
650 649 729 672 non
760 636 865 673 ultra
895 643 1051 674 certum
1082 639 1345 687 procedentes

168 709 357 747 tractum,
381 710 426 740 ut
451 704 761 742 Atheniensibus
782 705 932 744 Sciron.
956 707 1074 756 paulo
1098 707 1148 743 ab
1173 708 1346 757 Arg(·ste

169 772 361 816 deflexus,
389 773 566 823 reliquae
607 774 799 811 Graeciae
839 778 1020 825 ignotus:
1069 776 1189 812 aliubi
1229 776 1345 813 flatus

87 846 146 877 121
176 842 281 878 idem
312 842 518 892 Olympias
556 850 740 880 vocatur:
785 845 1031 881 consuetudo
1069 846 1248 881 omnibus
1286 845 1345 882 his

169 912 391 948 nominibus
426 913 629 962 Argesten
667 913 879 963 intellegi.1
944 919 986 950 et
1019 913 1189 951 Caecian
1225 915 1345 964 aliqui

168 987 312 1017 vocant
345 981 667 1030 Hellespontian,
698 988 739 1019 et
776 982 937 1019 eosdem
968 983 1031 1019 alii
1066 983 1194 1020 aliter.
1248 987 1346 1020 item

168 1052 209 1086 in
246 1049 495 1087 Narbonensi
531 1054 732 1100 provincia
767 1052 1003 1088 clarissimus
1041 1058 1250 1089 ventorum
1287 1058 1348 1090 est

168 1118 317 1156 Circius
339 1133 412 1156 nec
432 1120 513 1156 ullo
533 1120 722 1157 violentia
741 1120 917 1165 inferior,
937 1121 1092 1158 Ostiam
1112 1122 1347 1171 plerumque

167 1194 278 1225 secto
296 1188 312 1211 2
333 1188 537 1239 Ligustico
556 1193 655 1226 mari
677 1189 907 1239 perferens;
944 1191 1049 1227 idem
1071 1204 1150 1227 non
1169 1191 1287 1227 modo
1308 1194 1348 1226 in

167 1244 325 1294 reliquis
353 1244 535 1296 partibus
565 1243 659 1281 caeli
688 1243 846 1292 ignotus
876 1250 946 1289 est,
978 1244 1045 1282 sed
1073 1258 1122 1282 ne
1150 1245 1343 1284 Viennam

168 1299 327 1351 quidem
356 1299 530 1337 eiusdem
560 1299 785 1350 provinciae
813 1299 951 1336 urbem
981 1299 1179 1349 attingens
1207 1301 1342 1350 paucis

165 1364 259 1393 ante
287 1355 443 1392 milibus
472 1359 554 1405 iugi
580 1355 723 1391 modici
751 1368 915 1391 occursu
942 1361 1078 1391 tantus
1104 1355 1172 1391 ille
1200 1361 1340 1391 ventus

165 1432 386 1463 coercetur.
442 1431 483 1462 et
500 1425 669 1461 Austros
686 1427 726 1460 in
742 1424 975 1474 Aegyptum
992 1429 1205 1473 penetrare
1222 1429 1343 1473 negat

167 1495 386 1532 Fabianus:
445 1508 523 1544 quo
564 1494 608 1531 fit
647 1493 862 1530 manifesta
901 1493 965 1530 lex
1006 1499 1175 1529 naturae
1215 1495 1343 1530 ventis

167 1567 289 1602 etiam
310 1570 352 1602 et
369 1570 552 1613 tempore
572 1570 613 1600 et
633 1563 709 1600 fine
729 1563 846 1599 dicto.

83 1639 147 1670 122
220 1633 386 1671 XLVII.
415 1633 496 1670 Ver
515 1646 611 1683 ergo
632 1635 762 1682 aperit
781 1632 1058 1682 navigantibus
1078 1633 1216 1675 maria,
1235 1633 1345 1668 cuius

169 1707 209 1740 in
234 1706 425 1753 principio
452 1703 613 1739 Favonii
638 1701 849 1738 hibernum
874 1701 1059 1738 molliunt
1083 1700 1238 1738 caelum
1263 1700 1346 1737 sole

169 1773 320 1822 Aquari
362 1771 475 1808 XXV
517 1774 726 1821 optinente
767 1777 949 1820 partem:
1007 1773 1038 1806 is
1081 1769 1164 1806 dies
1207 1775 1344 1806 sextus

170 1842 405 1879 Februarias
457 1846 552 1877 ante
604 1840 701 1877 idus.
768 1842 948 1889 conpetit
999 1838 1126 1875 ferme
1179 1843 1221 1875 et
1271 1837 1346 1875 hoc

253 1928 266 1947 ²
290 1927 454 1969 intellegit
471 1926 511 1957 M
514 1926 634 1968 aylcoff.
757 1925 769 1943 ²
790 1925 964 1965 Mayhoff:
997 1927 1089 1955 recto
1106 1927 1164 1955 aut
1179 1926 1283 1955 recta.

165 1989 234 2026 262
