1471 2326
434 152 601 191 PLINY
615 166 624 190 2
673 152 938 190 NATURAL
972 151 1209 191 HISTORY

233 255 381 292 festum
418 260 479 291 est
516 267 638 304 quare
674 259 737 291 tot
773 253 980 291 fluminum
1014 254 1215 291 cotidiano
1251 267 1408 292 accessu

230 319 354 352 maria
368 329 448 352 non
460 320 653 352 crescant.
708 320 770 352 est
783 317 905 365 igitur
918 318 959 351 in
972 320 1060 352 toto
1073 328 1144 352 suo
1158 315 1277 365 globo
1291 315 1410 353 tellus

233 377 365 413 medio
388 377 541 413 ambitu
563 378 794 426 praecincta
815 375 1044 413 circumfluo
1065 378 1180 419 mari,
1201 389 1275 413 nec
1296 389 1411 425 argu-

233 440 379 474 mentis
417 436 490 474 hoc
528 436 864 487 investigandum,
901 436 974 474 sed
1009 439 1089 473 iam
1127 439 1411 487 experimentis

232 501 448 548 cognitum.

151 565 213 597 167
289 559 452 596 LXVII.
477 559 514 596 A
528 559 704 596 Gadibus
717 558 989 608 columnisque
1001 558 1183 596 Herculis
1196 558 1413 608 Hispaniae

236 626 278 658 et
297 620 518 657 Galliarum
537 623 705 657 circuitu
722 625 831 657 totus
850 619 968 656 hodie
991 622 1200 670 navigatur
1218 619 1411 657 occidens.

233 681 556 731 septentrionalis
584 694 678 718 vero
716 693 885 717 oceanus
912 683 1061 717 maiore
1089 693 1139 717 ex
1165 686 1280 730 parte
1307 682 1412 717 navi-

234 749 351 793 gatus
383 748 445 779 est
475 745 656 791 auspiciis
688 742 766 779 divi
796 742 971 791 Augusti
1001 741 1259 778 Germaniam
1288 740 1413 778 classe

234 807 500 840 circumvecta
533 803 584 839 ad
617 802 868 840 Cimbrorum
897 805 1218 852 promunturium
1250 807 1292 839 et
1321 801 1414 839 inde

235 868 414 901 inmenso
434 867 535 901 mari
555 869 768 913 prospecto
790 869 860 900 aut
881 862 988 899 fama
1008 865 1168 913 cognito
1189 862 1415 913 Scythicam

235 926 287 962 ad
311 925 473 975 plagam
500 931 541 962 et
569 937 708 961 umore
733 927 855 961 nimio
880 926 1063 974 rigentia.
1117 929 1284 974 propter
1309 923 1416 973 quod

234 989 397 1023 minime
419 985 632 1023 verisimile
656 991 718 1022 est
738 985 818 1022 illic
840 987 965 1022 maria
987 984 1157 1021 deficere
1180 985 1247 1021 ubi
1270 987 1415 1022 umoris

235 1051 290 1084 vis
314 1052 490 1097 superet.
543 1049 656 1083 iuxta
678 1059 773 1083 vero
797 1046 847 1082 ab
871 1051 962 1082 ortu
986 1059 1035 1082 ex
1061 1045 1197 1082 Indico
1220 1048 1319 1082 mari
1341 1045 1415 1082 sub

236 1108 377 1145 eodem
409 1107 539 1145 sidere
571 1120 662 1157 pars
693 1112 782 1144 tota
813 1120 981 1157 vergens
1014 1109 1055 1143 in
1086 1106 1274 1156 Caspium
1306 1119 1416 1143 mare

235 1172 496 1219 pernavigata
532 1174 594 1205 est
632 1167 901 1204 Macedonum
936 1170 1054 1204 armis
1090 1166 1257 1204 Seleuco
1292 1172 1417 1216 atque

235 1229 434 1267 Antiocho
451 1229 726 1280 regnantibus,
744 1231 811 1278 qui
830 1234 872 1266 et
889 1227 1098 1265 Seleucida
1116 1234 1158 1265 et
1175 1226 1415 1265 Antiochida

151 1296 214 1329 168
237 1292 286 1330 ab
315 1291 411 1342 ipsis
438 1290 627 1342 appellari
653 1291 822 1328 voluere.
877 1295 916 1327 et
945 1289 1046 1326 circa
1073 1287 1258 1339 Caspium
1285 1288 1410 1327 multa

237 1347 370 1386 oceani
390 1346 508 1385 litora
532 1346 734 1397 explorata
757 1357 959 1396 parvoque
981 1343 1138 1381 brevius
1161 1355 1280 1393 quam
1300 1348 1410 1382 totus

235 1411 325 1449 hinc
345 1417 415 1448 aut
432 1411 540 1448 illinc
559 1413 781 1460 septentrio
802 1412 1060 1460 eremigatus,
1073 1415 1119 1447 ut·
1138 1411 1218 1446 iam
1231 1409 1247 1433 1
1265 1412 1415 1446 coniec-

236 1479 352 1510 turae
378 1472 510 1509 locum
538 1474 592 1508 sic
622 1485 780 1521 quoque
809 1484 889 1507 non
910 1470 1111 1520 relinquat
1139 1473 1278 1521 ingens
1302 1483 1418 1520 argu-

235 1540 418 1571 mentum
435 1533 589 1583 paludis
610 1532 852 1575 Maeoticae,
869 1535 951 1568 sive
971 1545 1018 1568 ea
1034 1531 1138 1568 illius
1157 1533 1294 1568 oceani
1311 1533 1417 1568 sinus

238 1601 314 1639 est,
328 1601 374 1632 ut
388 1594 535 1631 multos
552 1594 718 1631 adverto
733 1593 962 1637 credidisse,
976 1595 1057 1629 sive
1073 1597 1243 1642 angusto
1257 1591 1419 1629 discreti

236 1659 315 1692 situ
330 1657 589 1706 restagnatio.
645 1654 722 1691 alio
736 1654 865 1691 latere
881 1653 1053 1690 Gadium
1069 1653 1118 1689 ab
1135 1653 1277 1690 eodem
1292 1653 1419 1690 occid-

238 1723 332 1754 ente
352 1729 498 1767 magna
517 1729 607 1766 pars
622 1715 830 1752 meridiani
845 1718 952 1751 sinus
969 1715 1122 1751 ambitu
1140 1714 1419 1751 Mauretaniae

637 1793 651 1813 ²
676 1793 849 1833 Mayhoff:
874 1797 1002 1823 tamen.

283 1884 298 1900 ⁶
321 1880 411 1921 Cape
427 1879 571 1920 Skagen,
588 1877 746 1909 Jutland.

282 1922 294 1942 ⁶
316 1923 388 1954 The
405 1923 553 1961 Caspian
578 1921 641 1952 Sea
665 1932 735 1951 was
766 1919 919 1951 believed
943 1923 981 1950 to
1006 1919 1095 1950 have
1119 1929 1163 1950 an
1188 1919 1299 1950 outlet
1325 1919 1373 1959 by
1398 1929 1417 1949 a

239 1965 347 1997 Strait
363 1966 437 1996 into
455 1965 514 1996 the
532 1964 638 1996 Outer
665 1964 789 1997 Ocean,
815 1962 924 1993 which
941 1972 1011 1993 was
1037 1961 1186 2004 thought
1211 1966 1248 1994 to
1265 1961 1341 1993 flow
1358 1965 1417 1993 not

238 2009 290 2040 far
305 2007 408 2039 north
425 2007 460 2039 of
476 2007 535 2039 the
551 2006 756 2048 Himalayas
769 2005 837 2037 and
853 2005 963 2037 South
978 2005 1115 2037 Russia.

236 2072 306 2108 302
