1471 2326
177 401 217 432 10

176 784 211 815 ll

173 1486 213 1517 12

434 104 602 142 PLINY
619 120 627 143 :
675 106 713 142 N
714 106 943 144 ATURAL
980 106 1220 147 HISTORY

242 205 431 256 discripto
463 207 608 244 circulo
642 210 709 258 qui
742 208 906 258 signifer
939 215 1103 247 vocatur
1134 212 1175 247 in
1208 210 1420 250 duodecim

242 270 472 307 animalium
492 271 655 321 effigies,
676 277 718 308 et
737 285 808 322 per
827 272 912 309 illas
932 273 1023 310 solis
1042 286 1178 311 cursus
1197 287 1418 325 congruens

241 338 304 370 tot
327 334 493 371 saeculis
516 337 630 371 ratio.

292 396 359 434 IV.
414 397 498 434 Nec
533 398 583 435 de
620 398 828 436 elementis
864 399 979 437 video
1014 400 1188 438 dubitari
1224 407 1415 451 quattuor

242 473 328 497 esse
355 473 424 498 ea:
454 463 617 512 igneum
648 475 860 507 summum,
889 463 982 500 inde
1012 469 1075 501 tot
1101 465 1306 502 stellarum
1335 465 1420 504 illos

240 524 533 562 conlucentium
584 526 737 570 oculos3
797 529 1022 577 proximum
1069 530 1251 578 spiritum
1301 542 1420 579 quem

241 588 385 625 Graeci
427 591 632 639 nostrique
669 590 812 627 eodem
848 591 1038 628 vocabulo
1075 604 1168 628 aera
1204 592 1420 642 appellant,

241 651 403 688 vitalem
422 651 526 689 hunc
547 659 590 690 et
609 667 680 703 per
699 660 844 691 cuncta
862 667 994 691 rerum
1021 655 1234 692 meabilem
1253 661 1420 706 totoque

239 722 488 759 consertum3
518 716 634 754 huius
652 720 687 753 vi
705 730 937 767 suspensam
954 731 1044 755 cum
1063 725 1204 769 quarto
1228 732 1419 769 aquarum

239 779 439 816 elemento
466 780 599 817 librari
627 781 759 817 medio
793 784 910 831 spatii
944 782 1141 819 tellurem.
1196 786 1253 819 ita
1279 789 1419 820 mutuo

238 843 434 893 conplexu
449 843 690 881 diversitatis
706 845 807 881 effici
827 858 990 890 nexum,
1006 851 1048 883 et
1063 846 1165 883 levia
1179 846 1419 896 ponderibus

238 906 407 944 inhiberi
443 921 521 957 quo
563 910 692 945 minus
730 908 903 953 evolent,
939 915 1159 960 contraque
1196 912 1333 960 gravia
1369 922 1420 947 ne

238 977 356 1007 ruant
381 971 567 1021 suspendi
594 971 744 1009 levibus
778 974 818 1008 in
844 973 1013 1010 sublime
1039 973 1312 1010 tendentibus.
1364 976 1420 1011 sic

239 1037 323 1085 pari
343 1037 383 1070 in
405 1035 559 1072 diversa
579 1038 665 1072 nisu
687 1037 728 1072 in
749 1049 819 1073 suo
841 1049 1024 1086 quaeque
1052 1037 1138 1074 loco
1153 1035 1169 1061 1
1190 1040 1419 1082 consistere,

238 1101 461 1148 inrequieto
505 1099 641 1136 mundi
692 1102 812 1149 ipsius
856 1103 1073 1137 constricta
1115 1103 1296 1145 circuitu,
1341 1114 1419 1151 quo

238 1175 396 1212 semper
433 1165 473 1199 in
503 1175 545 1199 se
575 1163 836 1200 recurrente2
871 1166 993 1200 imam
1023 1170 1146 1214 atque
1176 1164 1350 1202 mediam
1379 1167 1420 1201 in

238 1231 325 1262 toto
375 1239 460 1263 esse
513 1232 676 1271 terram,
726 1227 975 1277 eandemque
1025 1230 1208 1265 universo
1257 1228 1418 1265 cardine

238 1296 343 1327 stare
375 1290 621 1340 pendentem
652 1291 946 1341 librantemque
986 1304 1057 1341 per
1088 1305 1190 1341 quae
1221 1291 1419 1342 pendeat;

238 1356 295 1390 ita
320 1353 443 1390 solam
473 1354 703 1391 inmobilem
728 1357 834 1391 circa
859 1368 948 1392 eam
973 1355 1134 1392 volubili
1160 1358 1419 1393 universitate

239 1417 489 1467 eandemque
506 1431 555 1454 ex
571 1419 752 1455 omnibus
767 1421 877 1455 necti
892 1418 1103 1469 eidemque
1120 1422 1253 1456 omm'a
1273 1419 1420 1456 inniti.³

237 1484 341 1518 inter
369 1480 471 1518 hanc
494 1482 729 1532 caelumque
755 1482 897 1519 eodem
921 1485 1063 1532 spiritu
1094 1483 1274 1533 pendent
1297 1485 1417 1520 certis

238 1544 409 1582 discreta
453 1548 591 1595 spatiis
636 1552 793 1596 septem
837 1546 969 1583 sidera
1014 1559 1117 1596 quae
1161 1547 1212 1583 ab
1265 1549 1419 1584 incessu

238 1622 422 1645 vocamus
465 1612 652 1654 errantia,
694 1623 783 1646 cum
827 1616 962 1646 errent
1011 1610 1119 1647 nulla
1159 1613 1289 1647 minus
1330 1610 1417 1647 illis.

241 1684 376 1709 eorum
403 1673 557 1709 medius
581 1673 636 1710 sol
659 1673 785 1710 fertur
807 1673 1050 1723 amplissima
1075 1674 1352 1724 magnitudine
1374 1687 1420 1711 ac

448 1767 461 1786 ¹
484 1766 556 1797 loco
572 1766 646 1797 add.
666 1766 833 1797 Raclcham
852 1768 936 1803 (sici)
957 1766 1152 1807 Campbell).

325 1808 338 1828 ¹
360 1807 398 1841 O.
415 1808 455 1840 F.
483 1809 526 1840 11⁴.
545 1809 691 1840 Mffller:
721 1813 886 1840 currente.
1020 1809 1034 1828 ⁸
1058 1810 1108 1841 υλ.
1126 1810 1261 1841 innecti.

581 1957 596 1972 ⁶
624 1958 631 1969 ‘
645 1953 869 1992 wanderer3‚'
887 1955 1055 1995 πλανῆται.

240 2015 310 2062 176
