1471 2326
87 813 145 844 101

86 1555 147 1586 102

365 123 532 161 PLINY
546 137 555 161 ε
604 124 869 162 NATURAL
903 124 1136 163 HISTORY

162 225 378 263 scintillans
411 228 698 262 transcucurrit
729 225 821 262 solis
854 239 995 263 occasu
1028 226 1074 263 L.
1107 226 1265 264 Valerio
1298 227 1340 265 C.

167 278 298 316 hlario
318 278 552 315 consulibus.

216 331 378 368 XXXV.
432 331 651 368 Scintillam
693 334 816 368 visam
832 331 848 355 ¹
895 345 917 369 e
958 331 1076 369 stella
1117 332 1260 370 cadere
1301 338 1344 370 et

166 387 305 434 augeri
330 390 465 420 terrae
495 384 896 434 adpropinquantem,
922 390 963 421 at
989 391 1201 434 postquam
1226 385 1343 422 lunae

165 437 442 486 magnitudine
458 437 473 460 2
489 436 596 474 facta
612 440 677 481 sit,
692 437 881 474 inluxisse
898 451 972 474 ceu
988 438 1123 475 nubilo
1140 438 1218 482 die,
1234 438 1343 482 dein,

166 503 257 526 cum
277 492 318 526 in
337 490 493 526 caelum
512 503 554 526 se
573 493 787 540 reciperet,
805 490 1033 540 lampadem
1052 490 1201 528 factam
1219 491 1345 528 semel

166 555 357 592 umquam
381 542 564 591 proditur
589 543 659 579 Cn.
688 543 855 580 Octavio
881 543 923 580 C.
950 543 1154 580 Scribonio
1179 544 1346 581 consuli-

166 595 252 632 bus.
307 595 404 632 vidit
424 595 464 632 id
483 596 636 632 Silanus
656 596 867 645 proconsul
885 610 976 633 cum
994 600 1188 634 comitatu
1207 610 1289 634 suo.

218 648 403 685 XXXVI.
458 649 564 685 Fieri
597 649 782 686 videntur
817 655 859 686 et
893 649 1090 686 discursus
1124 650 1347 694 stellarum,

167 714 386 750 numquam
413 707 569 738 temere
597 708 642 739 ut
670 715 750 739 non
778 715 828 739 ex
857 715 904 739 ea
931 708 1047 752 parte
1074 708 1208 740 truces
1236 705 1345 740 venti

165 757 402 792 cooriantur.

222 807 430 844 XXXVII.
458 807 649 844 Existunt
683 807 827 845 stellae
856 813 899 845 et
931 810 974 844 in
1007 811 1107 844 mari
1133 811 1345 858 terrisque.

169 860 247 898 vidi
279 863 481 897 nocturnis
519 861 692 897 militum
729 861 870 910 vigiliis
908 860 1118 898 inhaerere
1150 861 1238 911 pilis
1274 874 1348 910 pro

171 913 274 949 vallo
298 913 501 962 fulgurum
526 914 655 963 effigie
681 927 762 957 eaS,
787 919 828 950 et
853 917 1050 950 antemnis
1074 917 1347 964 navigantium

168 966 334 1015 aliisque
364 969 523 1002 navium
551 967 730 1015 partibus
759 967 878 1003 cum³
903 967 1027 1004 vocali
1054 967 1226 1017 quodam
1251 980 1347 1004 sono

170 1022 361 1056 insistunt
405 1025 450 1056 ut
493 1019 674 1056 volucres
717 1019 854 1056 sedem
899 1033 948 1056 ex
991 1019 1087 1057 sede
1128 1026 1348 1064 mutantes,

168 1085 266 1122 glax
270 1085 325 1115 es,
343 1086 433 1108 cum
450 1072 652 1109 solitariae
670 1085 832 1116 venere,
848 1079 1160 1123 mergentesque
1178 1075 1348 1123 navigia,

170 1131 211 1161 et
237 1128 269 1161 si
293 1128 334 1161 in
359 1128 517 1162 carinae
541 1128 621 1162 ima
646 1125 884 1169 deciderint,
910 1132 1139 1170 exurentes,
1163 1129 1347 1176 geminae

169 1184 307 1214 autem
349 1178 544 1215 salutares
588 1184 630 1215 et
670 1182 852 1228 plosperi
894 1192 1029 1215 cursus
1071 1182 1350 1228 praenuntiae,

170 1244 339 1280 quarum
377 1231 552 1268 adventu
590 1231 721 1281 fugari
758 1232 887 1268 diram
923 1232 1033 1268 illam
1071 1245 1116 1269 ac
1152 1235 1348 1269 minacem

169 1284 494 1334 appellatamque
521 1285 719 1321 Helenam
744 1284 894 1329 ferunt,
919 1291 960 1322 et
986 1285 1036 1322 ob
1062 1285 1103 1322 id
1128 1285 1278 1322 Polluci
1304 1298 1348 1322 ac

169 1337 325 1374 Castori
350 1341 396 1374 iis
416 1340 576 1373 nomina
592 1337 609 1361 ‘²
634 1337 860 1388 adsignant,
886 1351 1033 1388 eosque
1061 1341 1103 1374 in
1126 1341 1226 1375 mari
1253 1338 1348 1375 deos

169 1393 366 1427 invocant.
420 1391 626 1428 hominum
649 1404 807 1440 quoque
830 1394 963 1440 capita
985 1394 1221 1440 vespertinis
1243 1390 1349 1428 horis

170 1456 316 1493 magno
370 1446 581 1493 praesagio
635 1443 957 1494 circumfulgent,
1011 1447 1144 1480 omnia
1196 1447 1350 1481 incerta

170 1500 325 1533 ratione
347 1503 389 1533 et
409 1499 450 1532 in
469 1503 638 1533 naturae
657 1500 870 1534 maiestate
891 1497 1039 1534 abdita.

223 1550 452 1586 XXXVIII.
482 1550 688 1587 Hactenus
711 1550 761 1587 de
783 1550 931 1587 mundo
954 1553 1038 1600 ipso
1059 1549 1348 1599 sideribusque.

169 1615 274 1639 nunc
314 1603 469 1653 reliqua
509 1603 610 1640 caeli
650 1603 938 1640 memorabilia.
995 1616 1169 1654 namque
1194 1608 1237 1641 et
1275 1602 1350 1640 hoc

410 1716 423 1736 ²
447 1716 556 1746 visam
570 1715 645 1746 add.
662 1716 703 1746 M
704 1715 824 1756 ayhoff.

410 1759 422 1778 2
447 1758 499 1789 ἰπὶ.
516 1759 550 1788 in
565 1758 665 1789 lunae
681 1759 963 1799 magnitudinem.

414 1800 426 1819 ³
451 1801 625 1841 fllayhoff:
654 1811 726 1832 ceu.

412 1843 426 1862 ⁴
448 1843 612 1886 Detlefsen
627 1855 634 1874 :
664 1844 699 1874 id
713 1853 840 1875 nomen
854 1847 912 1874 aut
927 1843 962 1874 id
978 1853 1115 1875 numen.

677 1981 693 1998 ⁸
716 1978 757 2009 66
774 1986 841 2011 Β.ο.

170 2051 242 2086 244
