1471 2326
150 309 186 338 17

154 789 192 820 18

152 1271 191 1302 19

152 1615 194 1646 20

407 130 575 167 PLINY
592 144 600 167 :
649 129 915 166 NATURAL
954 128 1192 166 HISTORY

214 246 431 277 severasse,
444 238 485 269 et
499 232 573 268 hoc
587 231 732 282 populo
746 231 926 268 Romano
939 233 1202 281 praestitisse,
1217 245 1293 268 non
1308 232 1391 269 sibi.

214 304 355 352 viginti
382 301 492 338 milia
518 314 650 337 rerum
671 301 882 350 dignarum
903 302 1252 350 cura—quoniam,
1272 306 1318 337 ut
1338 303 1393 336 ait

216 371 417 408 Domitius
443 369 545 414 Piso,
569 369 777 406 thesauros
805 374 967 418 oportet
994 382 1095 413 esse,
1122 382 1201 405 non
1227 368 1395 406 libros—

216 440 386 476 lectione
407 438 652 475 voluminum
672 441 829 475 circiter
851 437 1019 474 duorum
1043 437 1208 482 milium,
1229 451 1396 488 quorum

216 522 342 558 pauca
363 507 578 544 admodum
599 507 763 544 studiosi
786 510 994 557 attingunt
1014 513 1178 557 propter
1197 512 1397 544 secretum

216 579 424 620 materiae,
445 590 493 613 ex
514 579 722 626 exquisitis
742 576 969 613 auctoribus
987 582 1150 612 centum
1170 576 1397 612 inclusimus

216 648 383 696 triginta
400 659 469 682 sex
489 645 767 687 voluminibus,
785 645 952 681 adiectis
970 646 1087 682 rebus
1105 645 1282 695 plurimis
1301 658 1398 694 quas

216 721 286 752 aut
314 717 595 765 ignoraverant
623 717 773 764 priores
801 720 872 750 aut
899 720 1040 764 postea
1068 717 1276 751 invenerat
1303 716 1396 750 vita.

219 797 293 820 nec
313 784 543 820 dubitamus
565 783 691 820 multa
712 796 797 820 esse
819 796 922 833 quae
943 789 985 820 et
1005 796 1075 820 nos
1095 785 1398 833 praeterierint3

217 852 396 889 homines
415 855 520 888 enim
538 866 672 888 sumus
691 858 733 888 et
750 854 933 901 occupati
950 852 1098 895 officiis,
1115 852 1398 901 subsicivisque

217 922 465 971 temporibus
496 924 573 958 ista
601 934 799 963 curamus,
830 921 868 957 id
899 927 960 957 est
989 923 1208 964 nocturnis,
1232 934 1282 957 ne
1312 923 1399 970 quis

219 996 392 1027 vestrum
446 996 564 1039 putet
611 989 670 1027 his
717 996 916 1026 cessatum
970 989 1087 1027 horis.
1157 989 1242 1026 dies
1290 990 1398 1026 vobis

217 1059 484 1109 inpendimus,
519 1073 607 1095 cum
642 1072 780 1096 somno
814 1059 1085 1095 valetudinem
1120 1065 1399 1108 conputamus,

219 1128 278 1165 vel
313 1127 387 1165 1100
422 1128 503 1165 solo
535 1131 711 1178 praemio
742 1131 921 1165 contenti
954 1128 1074 1178 quod,
1105 1128 1200 1164 dum
1231 1130 1307 1165 ista
1338 1130 1400 1176 (ut

218 1200 273 1233 ait
307 1197 364 1233 M.
391 1197 531 1245 Varro)
557 1196 841 1247 muginamur,¹
871 1197 1049 1246 pluribus
1079 1196 1184 1234 horis
1209 1199 1398 1234 vivimus:

219 1266 398 1316 profecto
416 1269 522 1303 enim
540 1269 622 1303 vita
640 1267 771 1316 vigilia
789 1273 862 1303 est.
907 1267 1050 1316 quibus
1067 1266 1117 1303 de
1134 1269 1261 1303 causis
1277 1273 1400 1316 atque

218 1335 518 1372 difficultatibus
570 1335 665 1372 nihil
716 1349 811 1372 auso
862 1338 1098 1385 promittere
1148 1334 1222 1372 hoc
1272 1338 1399 1385 ipsum

218 1410 263 1441 tu
280 1410 458 1453 praestas
476 1404 582 1454 quod
599 1404 649 1441 ad
665 1411 707 1441 te
723 1405 942 1441 scribimus.
986 1404 1084 1441 haec
1099 1404 1242 1441 fiducia
1257 1407 1400 1454 operis,

218 1472 317 1510 haec
360 1479 422 1510 est
463 1473 708 1510 indicatura:
767 1473 894 1510 multa
936 1473 1050 1510 valde
1094 1476 1270 1522 pretiosa
1311 1474 1400 1510 ideo

221 1542 406 1578 videntur
428 1545 520 1592 quia
543 1549 636 1578 sunt
659 1542 819 1592 templis
841 1542 986 1579 dicata.

274 1611 350 1647 Vos
366 1611 528 1660 quidem
544 1624 697 1655 omnes,
711 1618 883 1660 patrem,
897 1617 938 1648 te
955 1611 1216 1662 fratremque,
1231 1611 1401 1649 diximus

220 1693 341 1729 opere
372 1682 490 1723 iusto,
522 1686 747 1730 temporum
781 1686 1005 1716 nostrorum
1036 1680 1239 1717 historiam
1272 1684 1347 1717 orsi
1379 1695 1401 1717 a

221 1749 297 1785 fine
339 1749 519 1785 Aufidii.²
582 1750 648 1785 ubi
691 1751 742 1786 sit
783 1762 831 1786 ea
870 1750 1066 1799 quaeres?
1128 1752 1206 1785 iam
1246 1750 1399 1800 pridem

223 1823 385 1868 peracta
417 1821 614 1860 sancitur;
662 1824 703 1854 et
736 1818 879 1867 alioqui
914 1825 1112 1855 statutum
1146 1825 1232 1856 erat
1263 1818 1398 1856 heredi

273 1893 283 1912 ¹
307 1895 358 1924 v.l.
382 1895 602 1924 musinamur.

269 1935 281 1954 ²
307 1935 462 1976 Mayhoff
481 1936 622 1975 (Aufidii
648 1936 743 1967 Basm
765 1937 854 1967 codd.
878 1938 977 1975 dem:
1002 1942 1064 1967 aut
1081 1936 1158 1967 fidei
1175 1943 1232 1968 aut
1253 1944 1314 1967 aut
1335 1936 1401 1967 fide

223 2043 265 2068 12
