1471 2326
337 159 504 197 PLINY
518 173 528 197 ε
578 159 842 197 NATURAL
877 159 1110 197 HISTORY

130 261 201 305 IV,
237 261 420 297 basilisco
460 260 529 304 IV,
566 260 740 297 dracone
778 259 876 296 *IV
914 265 956 297 et
993 262 1178 309 sequenti
1213 259 1315 297 libro

130 315 154 336 ᾖ
174 314 227 350 VI
246 332 288 346 =
310 314 332 335 ‘³‘
351 313 402 357 X,
433 316 571 362 vipera
601 312 697 349 XIV
729 318 771 350 et
801 315 987 362 sequenti
1017 313 1121 349 libro
1151 313 1249 349 XXI
1268 331 1309 344 =

130 366 297 412 XXXV,
334 367 418 415 (xxi
464 366 514 403 de
564 368 741 415 w'perino
787 366 869 402 sale
915 365 1116 408 theriace3
1167 368 1314 402 xxxviii

131 419 314 469 echeon),
350 432 482 468 angue
519 418 618 455 VIII
657 425 698 455 et
735 421 919 468 sequenti
956 418 1058 454 libro
1093 418 1310 454 XXVII:

130 472 297 515 XXXV,
312 471 365 522 h)
369 472 442 508 dro
459 472 492 515 Ι,
507 472 610 508 bova
628 471 682 507 IV
701 477 741 508 et
758 474 942 521 sequenti
958 471 1061 508 libro
1079 471 1201 507 III=
1222 471 1314 515 VII,

131 525 354 575 enhydride
383 525 399 561 I
428 530 470 562 et
495 527 678 574 sequenti
705 524 808 561 libro
836 524 936 560 ΙΙ-
895 542 936 546 -
959 524 1036 567 ΙΙΙ,
1061 524 1314 573 serpentibus

130 581 276 614 ceteris
303 578 402 614 VIII
432 583 474 614 et
498 580 683 627 sequenti
708 577 811 614 libro
837 577 975 613 V=II
995 576 1083 620 XV,
1107 579 1315 625 scorpione

132 631 188 667 IV
212 637 254 667 et
275 633 461 680 sequenti
482 630 587 666 libro
611 630 712 666 11—
670 658 712 662 —
733 630 803 674 VI,
826 643 1064 666 araneorum
1088 635 1129 666 et
1152 629 1314 679 phalan-

129 687 289 734 giorum
324 696 475 734 genera
511 683 607 727 XII,
642 683 865 720 medicinae
902 696 951 720 ex
987 682 1046 719 his
1085 682 1142 718 IX
1179 688 1221 719 et
1255 695 1315 719 se·

130 736 375 786 quentilibro
408 736 626 773 XXVII:
647 736 835 779 XXXVI,
867 735 998 786 gryllo
1031 738 1113 772 sive
1145 741 1262 772 tauro
1296 734 1315 772 I

131 796 174 826 et
221 792 407 839 sequenti
452 789 554 825 libro
603 789 680 825 VII
701 807 743 820 =
763 789 878 832 VIII,
925 788 1187 850 scolopendra
1233 790 1315 825 sive

130 842 353 891 multipeda
377 845 459 878 sive
485 842 701 891 millepeda
727 845 809 878 sive
835 841 1048 890 centipeda
1074 844 1156 877 sive
1181 843 1315 877 onisco

129 898 212 931 sive
254 895 334 931 iulo
377 894 395 931 Ι
443 900 485 931 et
531 898 715 944 sequenti
763 895 863 931 libro
909 894 985 930 XX
1003 912 1045 925 =
1065 893 1178 937 XXI,
1220 894 1314 944 (xvii

130 948 342 984 admiratio
369 953 538 984 naturae
566 947 662 983 nihil
689 950 775 984 sine
805 960 878 983 usu
907 948 1141 999 gignentis),
1172 946 1314 983 limace

132 1000 149 1037 I
183 1006 225 1037 et
255 1003 439 1050 sequenti
470 1000 573 1037 libro
606 1000 730 1036 111=
752 1000 821 1043 IV,
852 1013 975 1036 uruca
1006 999 1024 1036 I
1057 1005 1099 1036 et
1129 1002 1313 1049 sequenti

128 1053 230 1090 libro
262 1053 301 1089 ΙΙ
321 1072 362 1085 =
386 1053 463 1096 ΙΙΙ,
493 1066 631 1090 verme
660 1059 824 1090 terreno
857 1052 896 1089 II
929 1058 971 1089 et
1000 1055 1185 1102 sequenti
1213 1052 1315 1089 libro

131 1106 153 1127 '⁷‘
172 1106 248 1142 XX
266 1125 307 1137 =
329 1106 352 1127 ‘³‘
371 1106 506 1150 XXII,
532 1119 670 1143 verme
698 1119 748 1142 ex
776 1106 982 1142 arboribus
1013 1105 1030 1141 I
1060 1111 1101 1142 et
1127 1107 1314 1154 sequenti

128 1159 230 1195 libro
261 1159 316 1195 IV
334 1177 376 1190 =
396 1159 445 1202 V,
476 1172 525 1195 ex
555 1159 779 1195 volucribus
810 1159 943 1208 aquila
973 1158 1028 1195 IV
1059 1164 1101 1195 et
1129 1161 1314 1207 sequenti

127 1211 229 1248 libro
275 1212 336 1248 III
355 1230 397 1243 =
418 1211 511 1255 VII,
555 1211 711 1248 volture
756 1212 778 1233 ’γ’
799 1212 855 1247 ΙΧ
900 1217 942 1248 et
985 1214 1171 1261 sequenti
1212 1211 1314 1247 libro

130 1264 310 1300 *Vllz
332 1265 482 1308 *XVL
518 1265 741 1314 gallinaceo
777 1264 874 1301 XXI
914 1270 955 1301 et
991 1266 1176 1313 sequenti
1212 1263 1314 1300 libro

128 1317 282 1354 XXXV
299 1336 341 1349 =
364 1318 469 1361 LVI,
491 1318 642 1367 gallina
665 1317 702 1354 X
727 1323 769 1354 et
793 1320 978 1366 sequenti
1002 1317 1104 1353 libro
1128 1316 1248 1353 XXII
1266 1335 1308 1348 =

128 1370 303 1414 XXXII,
332 1384 473 1407 ansere
502 1370 579 1406 VII
610 1376 654 1407 et
681 1374 867 1419 sequenti
895 1370 996 1406 libro
1025 1370 1158 1406 XV=
1178 1369 1314 1413 XXII,

129 1437 259 1473 cygno
299 1423 316 1460 I
356 1429 397 1460 et
434 1426 619 1472 sequenti
648 1423 750 1459 libro
782 1423 875 1459 V=
896 1423 967 1466 VI,
999 1423 1082 1472 (xiii
1114 1422 1164 1459 de
1196 1423 1313 1472 adipe

130 1480 263 1512 avium
291 1476 565 1526 conficiendo),
584 1489 702 1512 corvo
727 1476 766 1512 II
795 1482 836 1513 et
863 1479 1047 1525 sequenti
1068 1476 1170 1512 libro
1194 1475 1249 1512 IV
1266 1494 1308 1507 =

131 1529 201 1573 VI,
222 1532 379 1566 cornice
403 1529 420 1566 I
444 1535 486 1566 et
507 1532 692 1578 sequenti
712 1529 815 1565 libro
839 1529 878 1565 II
898 1547 939 1560 =
962 1529 1039 1572 III,
1061 1531 1250 1578 accipitre
1273 1528 1311 1565 II

131 1588 173 1619 et
206 1584 391 1631 sequenti
422 1582 524 1618 libro
559 1581 598 1618 II
617 1600 659 1613 =
681 1582 703 1603 ἦ
723 1581 792 1625 IV,
825 1581 944 1618 milvo
979 1581 1018 1618 II
1054 1587 1096 1619 et
1128 1584 1312 1631 sequenti

131 1635 233 1672 libro
253 1635 307 1671 VI
326 1653 368 1666 =
389 1635 504 1678 VIII,
523 1634 736 1671 cenchride
758 1635 812 1678 II,
832 1637 984 1671 ciconia
1005 1634 1044 1670 II
1067 1640 1109 1671 et
1128 1637 1311 1684 sequenti

129 1687 230 1724 libro
262 1688 339 1724 I=
362 1688 439 1731 III,
469 1694 588 1724 anate
619 1687 658 1724 ΙΙ
690 1694 732 1724 et
760 1690 946 1737 sequenti
974 1687 1076 1724 libro
1107 1687 1163 1723 IV
1180 1706 1222 1719 =
1242 1687 1313 1731 VI,

130 1740 293 1791 perdice
307 1741 362 1777 VI
380 1747 421 1777 et
435 1743 620 1790 sequenti
634 1741 736 1777 libro
750 1740 808 1776 XI
827 1759 869 1772 =
890 1740 1022 1784 XVII,
1035 1740 1221 1777 columba
1234 1740 1312 1776 VII

131 1799 174 1831 et
209 1796 394 1843 sequenti
428 1793 530 1830 libro
564 1793 736 1829 XXV:
757 1793 932 1836 XXXII,
966 1793 1155 1842 palumbe
1193 1793 1232 1829 II
1269 1799 1312 1830 et

131 1850 317 1896 sequenti
334 1846 435 1882 libro
451 1846 546 1882 XIV
564 1865 606 1878 =
626 1846 736 1889 XVI,
753 1850 841 1895 pico
862 1846 1013 1882 Martio
1032 1846 1065 1889 Ι,
1081 1851 1240 1883 turture
1259 1845 1312 1882 IV

133 1905 175 1936 et
198 1902 382 1949 sequenti
406 1899 508 1935 libro
532 1899 567 1935 V
583 1917 625 1930 =
648 1899 719 1942 IX,
742 1898 954 1935 hirundine
981 1899 1038 1935 IX
1063 1905 1104 1936 et
1127 1901 1312 1948 sequenti

130 1952 232 1988 libro
265 1952 498 1988 *XXle
521 1952 757 1995 *XXXIIL
788 1958 935 1988 noctua
968 1952 1022 1988 IV
1054 1958 1095 1989 et
1127 1954 1310 2001 sequenti

129 2004 230 2041 libro
266 2005 359 2041 V:
381 2005 453 2049 IX,
488 2005 595 2042 ulula
630 2005 648 2042 Ι
685 2011 727 2043 et
760 2008 946 2056 sequenti
978 2005 1079 2042 libro
1115 2005 1133 2042 I
1152 2023 1194 2037 =
1215 2004 1312 2049 ³²11,

132 2087 199 2122 13²
