<?xml version="1.0" encoding="UTF-8"?>
<!DOCTYPE html PUBLIC "-//W3C//DTD XHTML 1.0 Transitional//EN"
    "http://www.w3.org/TR/xhtml1/DTD/xhtml1-transitional.dtd">
<html xmlns="http://www.w3.org/1999/xhtml" xml:lang="en" lang="en">
 <head>
  <title>
</title>
<meta http-equiv="Content-Type" content="text/html;charset=utf-8" />
  <meta name='ocr-system' content='tesseract 3.04.00' />
  <meta name='ocr-capabilities' content='ocr_page ocr_carea ocr_par ocr_line ocrx_word'/>
</head>
<body>
  <div class='ocr_page' id='page_1' title='image "./naturalhistory01plinuoft/naturalhistory01plinuoft_0356.png"; bbox 0 0 1471 2326; ppageno 0'>
   <div class='ocr_carea' id='block_1_1' title="bbox 409 121 1182 160">
    <p class='ocr_par' dir='ltr' id='par_1_1' title="bbox 409 121 1182 160">
     <span class='ocr_line' id='line_1_1' title="bbox 409 121 1182 160; baseline 0 -2"><span class='ocrx_word' id='word_1_1' title='bbox 409 121 576 160; x_wconf 87' lang='lat' dir='ltr'>PLINY</span> <span class='ocrx_word' id='word_1_2' title='bbox 589 135 598 160; x_wconf 77' lang='lat' dir='ltr'><strong><em>z</em></strong></span> <span class='ocrx_word' id='word_1_3' title='bbox 648 121 911 160; x_wconf 87' lang='lat' dir='ltr'><strong>NATURAL</strong></span> <span class='ocrx_word' id='word_1_4' title='bbox 945 121 1182 159; x_wconf 86' lang='lat' dir='ltr'>HISTORY</span> 
     </span>
    </p>
   </div>
   <div class='ocr_carea' id='block_1_2' title="bbox 127 222 1390 1611">
    <p class='ocr_par' dir='ltr' id='par_1_2' title="bbox 208 222 1384 488">
     <span class='ocr_line' id='line_1_2' title="bbox 210 222 1383 275; baseline -0.001 -14"><span class='ocrx_word' id='word_1_5' title='bbox 210 228 389 262; x_wconf 82' lang='lat' dir='ltr'>inmenso</span> <span class='ocrx_word' id='word_1_6' title='bbox 411 227 554 275; x_wconf 91' lang='lat' dir='ltr'>spatio,</span> <span class='ocrx_word' id='word_1_7' title='bbox 574 238 668 261; x_wconf 84' lang='lat' dir='ltr'>mox</span> <span class='ocrx_word' id='word_1_8' title='bbox 689 227 847 261; x_wconf 88' lang='lat' dir='ltr'>interno</span> <span class='ocrx_word' id='word_1_9' title='bbox 870 236 1028 274; x_wconf 90' lang='lat' dir='ltr'>quoque</span> <span class='ocrx_word' id='word_1_10' title='bbox 1042 222 1058 247; x_wconf 91' lang='lat'>1</span> <span class='ocrx_word' id='word_1_11' title='bbox 1081 236 1184 273; x_wconf 88' lang='lat' dir='ltr'>quae</span> <span class='ocrx_word' id='word_1_12' title='bbox 1206 223 1383 261; x_wconf 86' lang='lat' dir='ltr'>videmus</span> 
     </span>
     <span class='ocr_line' id='line_1_3' title="bbox 210 276 1383 322; baseline -0.002 -7"><span class='ocrx_word' id='word_1_13' title='bbox 210 278 342 322; x_wconf 87' lang='lat' dir='ltr'>hodie,</span> <span class='ocrx_word' id='word_1_14' title='bbox 361 291 534 315; x_wconf 83' lang='lat' dir='ltr'><strong>mersam</strong></span> <span class='ocrx_word' id='word_1_15' title='bbox 554 278 819 315; x_wconf 81' lang='lat' dir='ltr'><strong>Acarnaniam</strong></span> <span class='ocrx_word' id='word_1_16' title='bbox 839 278 1051 314; x_wconf 90' lang='lat' dir='ltr'>Ambracio</span> <span class='ocrx_word' id='word_1_17' title='bbox 1071 280 1172 321; x_wconf 91' lang='lat' dir='ltr'>sinu,</span> <span class='ocrx_word' id='word_1_18' title='bbox 1192 276 1383 314; x_wconf 84' lang='lat' dir='ltr'>Achaiam</span> 
     </span>
     <span class='ocr_line' id='line_1_4' title="bbox 209 330 1381 381; baseline 0 -13"><span class='ocrx_word' id='word_1_19' title='bbox 209 331 429 375; x_wconf 90' lang='lat' dir='ltr'>Corinthio,</span> <span class='ocrx_word' id='word_1_20' title='bbox 450 332 652 381; x_wconf 85' lang='lat' dir='ltr'>Europam</span> <span class='ocrx_word' id='word_1_21' title='bbox 674 332 892 380; x_wconf 78' lang='lat' dir='ltr'>Asiamque</span> <span class='ocrx_word' id='word_1_22' title='bbox 914 330 1155 380; x_wconf 80' lang='lat' dir='ltr'>Propontide</span> <span class='ocrx_word' id='word_1_23' title='bbox 1178 336 1220 368; x_wconf 89' lang='lat' dir='ltr'>et</span> <span class='ocrx_word' id='word_1_24' title='bbox 1242 330 1381 368; x_wconf 80' lang='lat' dir='ltr'>Ponto.</span> 
     </span>
     <span class='ocr_line' id='line_1_5' title="bbox 209 383 1384 434; baseline -0.002 -12"><span class='ocrx_word' id='word_1_25' title='bbox 209 385 275 423; x_wconf 85' lang='lat' dir='ltr'>Ad</span> <span class='ocrx_word' id='word_1_26' title='bbox 296 384 369 421; x_wconf 82' lang='lat' dir='ltr'>hoc</span> <span class='ocrx_word' id='word_1_27' title='bbox 390 388 571 434; x_wconf 76' lang='lat' dir='ltr'>perrupit</span> <span class='ocrx_word' id='word_1_28' title='bbox 592 397 702 421; x_wconf 87' lang='lat' dir='ltr'>mare</span> <span class='ocrx_word' id='word_1_29' title='bbox 725 384 924 428; x_wconf 81' lang='lat' dir='ltr'>Leucada,</span> <span class='ocrx_word' id='word_1_30' title='bbox 946 383 1209 427; x_wconf 82' lang='lat' dir='ltr'>Antirrhium,</span> <span class='ocrx_word' id='word_1_31' title='bbox 1231 383 1384 420; x_wconf 89' lang='lat' dir='ltr'>Helles-</span> 
     </span>
     <span class='ocr_line' id='line_1_6' title="bbox 208 438 732 488; baseline -0.002 -13"><span class='ocrx_word' id='word_1_32' title='bbox 208 445 390 488; x_wconf 78' lang='lat' dir='ltr'>pontum,</span> <span class='ocrx_word' id='word_1_33' title='bbox 410 438 602 488; x_wconf 84' lang='lat' dir='ltr'>Bosporos</span> <span class='ocrx_word' id='word_1_34' title='bbox 621 438 732 475; x_wconf 92' lang='lat' dir='ltr'>duos.</span> 
     </span>
    </p>

    <p class='ocr_par' dir='ltr' id='par_1_3' title="bbox 209 492 1387 863">
     <span class='ocr_line' id='line_1_7' title="bbox 260 492 1385 541; baseline -0.002 -13"><span class='ocrx_word' id='word_1_35' title='bbox 260 492 408 528; x_wconf 87' lang='lat' dir='ltr'>XCIII.</span> <span class='ocrx_word' id='word_1_36' title='bbox 463 493 599 541; x_wconf 88' lang='lat' dir='ltr'>Atque</span> <span class='ocrx_word' id='word_1_37' title='bbox 615 497 660 528; x_wconf 89' lang='lat' dir='ltr'>ut</span> <span class='ocrx_word' id='word_1_38' title='bbox 676 494 782 528; x_wconf 91' lang='lat' dir='ltr'>sinus</span> <span class='ocrx_word' id='word_1_39' title='bbox 801 496 842 528; x_wconf 90' lang='lat' dir='ltr'>et</span> <span class='ocrx_word' id='word_1_40' title='bbox 858 496 1001 541; x_wconf 85' lang='lat' dir='ltr'>stagna</span> <span class='ocrx_word' id='word_1_41' title='bbox 1016 496 1285 540; x_wconf 81' lang='lat' dir='ltr'>praeteream,</span> <span class='ocrx_word' id='word_1_42' title='bbox 1300 492 1385 539; x_wconf 89' lang='lat' dir='ltr'>ipsa</span> 
     </span>
     <span class='ocr_line' id='line_1_8' title="bbox 209 543 1384 582; baseline -0.003 0"><span class='ocrx_word' id='word_1_43' title='bbox 209 558 252 582; x_wconf 90' lang='lat' dir='ltr'>se</span> <span class='ocrx_word' id='word_1_44' title='bbox 298 551 449 582; x_wconf 87' lang='lat' dir='ltr'>comest</span> <span class='ocrx_word' id='word_1_45' title='bbox 493 551 615 582; x_wconf 90' lang='lat' dir='ltr'>terra.</span> <span class='ocrx_word' id='word_1_46' title='bbox 669 544 873 582; x_wconf 86' lang='lat' dir='ltr'>devoravit</span> <span class='ocrx_word' id='word_1_47' title='bbox 919 543 1106 580; x_wconf 76' lang='lat' dir='ltr'>Cibotum</span> <span class='ocrx_word' id='word_1_48' title='bbox 1150 543 1384 580; x_wconf 89' lang='lat' dir='ltr'>altissimum</span> 
     </span>
     <span class='ocr_line' id='line_1_9' title="bbox 210 596 1385 648; baseline -0.003 -13"><span class='ocrx_word' id='word_1_49' title='bbox 210 604 389 635; x_wconf 90' lang='lat' dir='ltr'>montem</span> <span class='ocrx_word' id='word_1_50' title='bbox 418 612 508 635; x_wconf 86' lang='lat' dir='ltr'>cum</span> <span class='ocrx_word' id='word_1_51' title='bbox 538 598 682 648; x_wconf 89' lang='lat' dir='ltr'>oppido</span> <span class='ocrx_word' id='word_1_52' title='bbox 711 598 866 642; x_wconf 86' lang='lat' dir='ltr'>Cariae,</span> <span class='ocrx_word' id='word_1_53' title='bbox 895 597 1074 647; x_wconf 88' lang='lat' dir='ltr'>Sipylum</span> <span class='ocrx_word' id='word_1_54' title='bbox 1102 599 1142 633; x_wconf 92' lang='lat' dir='ltr'>in</span> <span class='ocrx_word' id='word_1_55' title='bbox 1174 596 1385 646; x_wconf 84' lang='lat' dir='ltr'>Magnesia</span> 
     </span>
     <span class='ocr_line' id='line_1_10' title="bbox 212 651 1385 701; baseline -0.003 -13"><span class='ocrx_word' id='word_1_56' title='bbox 212 658 254 689; x_wconf 89' lang='lat' dir='ltr'>et</span> <span class='ocrx_word' id='word_1_57' title='bbox 290 655 398 701; x_wconf 87' lang='lat' dir='ltr'>prius</span> <span class='ocrx_word' id='word_1_58' title='bbox 435 655 477 688; x_wconf 89' lang='lat' dir='ltr'>in</span> <span class='ocrx_word' id='word_1_59' title='bbox 515 652 657 689; x_wconf 92' lang='lat' dir='ltr'>eodem</span> <span class='ocrx_word' id='word_1_60' title='bbox 691 651 778 688; x_wconf 91' lang='lat' dir='ltr'>loco</span> <span class='ocrx_word' id='word_1_61' title='bbox 809 651 1067 688; x_wconf 84' lang='lat' dir='ltr'>clarissimam</span> <span class='ocrx_word' id='word_1_62' title='bbox 1104 651 1244 687; x_wconf 89' lang='lat' dir='ltr'>urbem</span> <span class='ocrx_word' id='word_1_63' title='bbox 1282 662 1385 699; x_wconf 87' lang='lat' dir='ltr'>quae</span> 
     </span>
     <span class='ocr_line' id='line_1_11' title="bbox 209 704 1386 749; baseline -0.003 -7"><span class='ocrx_word' id='word_1_64' title='bbox 209 705 385 742; x_wconf 86' lang='lat' dir='ltr'>Tantalis</span> <span class='ocrx_word' id='word_1_65' title='bbox 414 706 643 749; x_wconf 80' lang='lat' dir='ltr'>vocabatur,</span> <span class='ocrx_word' id='word_1_66' title='bbox 672 705 844 741; x_wconf 89' lang='lat' dir='ltr'>Galenes</span> <span class='ocrx_word' id='word_1_67' title='bbox 874 710 916 741; x_wconf 91' lang='lat' dir='ltr'>et</span> <span class='ocrx_word' id='word_1_68' title='bbox 945 704 1131 741; x_wconf 90' lang='lat' dir='ltr'>Galames</span> <span class='ocrx_word' id='word_1_69' title='bbox 1159 704 1317 740; x_wconf 90' lang='lat' dir='ltr'>urbium</span> <span class='ocrx_word' id='word_1_70' title='bbox 1344 705 1386 739; x_wconf 90' lang='lat' dir='ltr'>in</span> 
     </span>
     <span class='ocr_line' id='line_1_12' title="bbox 212 756 1385 809; baseline -0.003 -14"><span class='ocrx_word' id='word_1_71' title='bbox 212 758 408 796; x_wconf 85' lang='lat' dir='ltr'>Phoenice</span> <span class='ocrx_word' id='word_1_72' title='bbox 455 772 570 809; x_wconf 86' lang='lat' dir='ltr'>agros</span> <span class='ocrx_word' id='word_1_73' title='bbox 616 772 707 795; x_wconf 90' lang='lat' dir='ltr'>cum</span> <span class='ocrx_word' id='word_1_74' title='bbox 751 761 860 808; x_wconf 91' lang='lat' dir='ltr'>ipsis,</span> <span class='ocrx_word' id='word_1_75' title='bbox 906 757 1100 807; x_wconf 83' lang='lat' dir='ltr'>Phegium</span> <span class='ocrx_word' id='word_1_76' title='bbox 1146 756 1385 806; x_wconf 76' lang='lat' dir='ltr'>Aethiopiae</span> 
     </span>
     <span class='ocr_line' id='line_1_13' title="bbox 211 810 1387 863; baseline -0.003 -14"><span class='ocrx_word' id='word_1_77' title='bbox 211 815 348 863; x_wconf 84' lang='lat' dir='ltr'>iugum</span> <span class='ocrx_word' id='word_1_78' title='bbox 381 812 704 855; x_wconf 84' lang='lat' dir='ltr'>excelsissimum,</span> <span class='ocrx_word' id='word_1_79' title='bbox 735 817 942 860; x_wconf 85' lang='lat' dir='ltr'>tamquam</span> <span class='ocrx_word' id='word_1_80' title='bbox 973 823 1053 847; x_wconf 92' lang='lat' dir='ltr'>non</span> <span class='ocrx_word' id='word_1_81' title='bbox 1083 810 1204 847; x_wconf 88' lang='lat' dir='ltr'>infida</span> <span class='ocrx_word' id='word_1_82' title='bbox 1234 822 1387 860; x_wconf 89' lang='lat' dir='ltr'>grassa-</span> 
     </span>
    </p>

    <p class='ocr_par' dir='ltr' id='par_1_4' title="bbox 127 864 1388 1231">
     <span class='ocr_line' id='line_1_14' title="bbox 127 864 1387 914; baseline -0.002 -12"><span class='ocrx_word' id='word_1_83' title='bbox 127 871 191 903; x_wconf 79' lang='lat'>206</span> <span class='ocrx_word' id='word_1_84' title='bbox 213 872 351 903; x_wconf 88' lang='lat' dir='ltr'>rentur</span> <span class='ocrx_word' id='word_1_85' title='bbox 377 872 419 903; x_wconf 90' lang='lat' dir='ltr'>et</span> <span class='ocrx_word' id='word_1_86' title='bbox 437 866 565 902; x_wconf 89' lang='lat' dir='ltr'>litora.</span> <span class='ocrx_word' id='word_1_87' title='bbox 619 865 760 902; x_wconf 87' lang='lat' dir='ltr'>XCIV.</span> <span class='ocrx_word' id='word_1_88' title='bbox 814 864 980 914; x_wconf 89' lang='lat' dir='ltr'>Pyrram</span> <span class='ocrx_word' id='word_1_89' title='bbox 1000 870 1042 901; x_wconf 89' lang='lat' dir='ltr'>et</span> <span class='ocrx_word' id='word_1_90' title='bbox 1061 864 1264 900; x_wconf 81' lang='lat' dir='ltr'>Antissam</span> <span class='ocrx_word' id='word_1_91' title='bbox 1283 866 1387 900; x_wconf 86' lang='lat' dir='ltr'>cirea</span> 
     </span>
     <span class='ocr_line' id='line_1_15' title="bbox 214 917 1385 962; baseline -0.003 -6"><span class='ocrx_word' id='word_1_92' title='bbox 214 919 409 956; x_wconf 88' lang='lat' dir='ltr'>Maeotim</span> <span class='ocrx_word' id='word_1_93' title='bbox 441 919 589 956; x_wconf 87' lang='lat' dir='ltr'>Pontus</span> <span class='ocrx_word' id='word_1_94' title='bbox 621 918 800 962; x_wconf 84' lang='lat' dir='ltr'>abstulit,</span> <span class='ocrx_word' id='word_1_95' title='bbox 831 918 1001 955; x_wconf 87' lang='lat' dir='ltr'>Helicen</span> <span class='ocrx_word' id='word_1_96' title='bbox 1032 923 1073 954; x_wconf 92' lang='lat' dir='ltr'>et</span> <span class='ocrx_word' id='word_1_97' title='bbox 1103 917 1249 954; x_wconf 91' lang='lat' dir='ltr'>Buram</span> <span class='ocrx_word' id='word_1_98' title='bbox 1279 919 1385 953; x_wconf 88' lang='lat' dir='ltr'>sinus</span> 
     </span>
     <span class='ocr_line' id='line_1_16' title="bbox 211 971 1386 1022; baseline -0.003 -13"><span class='ocrx_word' id='word_1_99' title='bbox 211 972 452 1016; x_wconf 81' lang='lat' dir='ltr'>Corinthius,</span> <span class='ocrx_word' id='word_1_100' title='bbox 485 985 653 1022; x_wconf 86' lang='lat' dir='ltr'>quarum</span> <span class='ocrx_word' id='word_1_101' title='bbox 685 974 726 1008; x_wconf 92' lang='lat' dir='ltr'>in</span> <span class='ocrx_word' id='word_1_102' title='bbox 758 971 840 1008; x_wconf 88' lang='lat' dir='ltr'>alto</span> <span class='ocrx_word' id='word_1_103' title='bbox 872 973 1041 1021; x_wconf 84' lang='lat' dir='ltr'>vestigia</span> <span class='ocrx_word' id='word_1_104' title='bbox 1074 975 1281 1020; x_wconf 83' lang='lat' dir='ltr'>apparent.</span> <span class='ocrx_word' id='word_1_105' title='bbox 1336 982 1386 1006; x_wconf 81' lang='lat' dir='ltr'>ex</span> 
     </span>
     <span class='ocr_line' id='line_1_17' title="bbox 211 1024 1388 1075; baseline -0.003 -12"><span class='ocrx_word' id='word_1_106' title='bbox 211 1026 338 1063; x_wconf 78' lang='lat' dir='ltr'>insula</span> <span class='ocrx_word' id='word_1_107' title='bbox 366 1026 447 1063; x_wconf 89' lang='lat' dir='ltr'>Cea</span> <span class='ocrx_word' id='word_1_108' title='bbox 476 1026 643 1075; x_wconf 90' lang='lat' dir='ltr'>amplius</span> <span class='ocrx_word' id='word_1_109' title='bbox 670 1028 838 1075; x_wconf 85' lang='lat' dir='ltr'>triginta</span> <span class='ocrx_word' id='word_1_110' title='bbox 865 1025 975 1061; x_wconf 90' lang='lat' dir='ltr'>milia</span> <span class='ocrx_word' id='word_1_111' title='bbox 1001 1037 1189 1074; x_wconf 88' lang='lat' dir='ltr'>passuum</span> <span class='ocrx_word' id='word_1_112' title='bbox 1217 1024 1388 1073; x_wconf 88' lang='lat' dir='ltr'>abrupta</span> 
     </span>
     <span class='ocr_line' id='line_1_18' title="bbox 211 1076 1388 1129; baseline -0.003 -13"><span class='ocrx_word' id='word_1_113' title='bbox 211 1081 342 1117; x_wconf 84' lang='lat' dir='ltr'>subito</span> <span class='ocrx_word' id='word_1_114' title='bbox 370 1093 459 1116; x_wconf 88' lang='lat' dir='ltr'>cum</span> <span class='ocrx_word' id='word_1_115' title='bbox 486 1079 663 1129; x_wconf 86' lang='lat' dir='ltr'>plurimis</span> <span class='ocrx_word' id='word_1_116' title='bbox 690 1078 923 1115; x_wconf 88' lang='lat' dir='ltr'>mortalibus</span> <span class='ocrx_word' id='word_1_117' title='bbox 950 1080 1096 1127; x_wconf 89' lang='lat' dir='ltr'>rapuit,</span> <span class='ocrx_word' id='word_1_118' title='bbox 1124 1083 1165 1114; x_wconf 93' lang='lat' dir='ltr'>et</span> <span class='ocrx_word' id='word_1_119' title='bbox 1191 1079 1233 1114; x_wconf 91' lang='lat' dir='ltr'>in</span> <span class='ocrx_word' id='word_1_120' title='bbox 1258 1076 1388 1113; x_wconf 87' lang='lat' dir='ltr'>Sicilia</span> 
     </span>
     <span class='ocr_line' id='line_1_19' title="bbox 212 1130 1387 1183; baseline -0.003 -13"><span class='ocrx_word' id='word_1_121' title='bbox 212 1133 416 1171; x_wconf 79' lang='lat' dir='ltr'>dimidiam</span> <span class='ocrx_word' id='word_1_122' title='bbox 449 1132 677 1183; x_wconf 83' lang='lat' dir='ltr'>Tyndarida</span> <span class='ocrx_word' id='word_1_123' title='bbox 709 1133 850 1168; x_wconf 91' lang='lat' dir='ltr'>urbem</span> <span class='ocrx_word' id='word_1_124' title='bbox 884 1145 929 1168; x_wconf 89' lang='lat' dir='ltr'>ac</span> <span class='ocrx_word' id='word_1_125' title='bbox 964 1130 1151 1181; x_wconf 77' lang='lat' dir='ltr'>quicquid</span> <span class='ocrx_word' id='word_1_126' title='bbox 1183 1131 1234 1167; x_wconf 90' lang='lat' dir='ltr'>ab</span> <span class='ocrx_word' id='word_1_127' title='bbox 1269 1130 1387 1167; x_wconf 90' lang='lat' dir='ltr'>Italia</span> 
     </span>
     <span class='ocr_line' id='line_1_20' title="bbox 212 1185 1007 1231; baseline -0.004 -7"><span class='ocrx_word' id='word_1_128' title='bbox 212 1186 341 1231; x_wconf 83' lang='lat' dir='ltr'>deest,</span> <span class='ocrx_word' id='word_1_129' title='bbox 361 1187 543 1223; x_wconf 87' lang='lat' dir='ltr'>similiter</span> <span class='ocrx_word' id='word_1_130' title='bbox 562 1189 603 1222; x_wconf 84' lang='lat' dir='ltr'>in</span> <span class='ocrx_word' id='word_1_131' title='bbox 623 1186 789 1223; x_wconf 90' lang='lat' dir='ltr'>Boeotia</span> <span class='ocrx_word' id='word_1_132' title='bbox 808 1185 1007 1222; x_wconf 89' lang='lat' dir='ltr'>Eleusina.</span> 
     </span>
    </p>

    <p class='ocr_par' dir='ltr' id='par_1_5' title="bbox 211 1236 1389 1444">
     <span class='ocr_line' id='line_1_21' title="bbox 262 1236 1387 1287; baseline -0.004 -10"><span class='ocrx_word' id='word_1_133' title='bbox 262 1240 380 1277; x_wconf 89' lang='lat' dir='ltr'><strong>XCV.</strong></span> <span class='ocrx_word' id='word_1_134' title='bbox 437 1240 573 1276; x_wconf 85' lang='lat' dir='ltr'>Motus</span> <span class='ocrx_word' id='word_1_135' title='bbox 606 1242 712 1276; x_wconf 91' lang='lat' dir='ltr'>enim</span> <span class='ocrx_word' id='word_1_136' title='bbox 740 1245 876 1276; x_wconf 89' lang='lat' dir='ltr'>terrae</span> <span class='ocrx_word' id='word_1_137' title='bbox 906 1238 1097 1275; x_wconf 89' lang='lat' dir='ltr'>sileantur</span> <span class='ocrx_word' id='word_1_138' title='bbox 1128 1242 1170 1274; x_wconf 94' lang='lat' dir='ltr'>et</span> <span class='ocrx_word' id='word_1_139' title='bbox 1200 1236 1387 1287; x_wconf 80' lang='lat' dir='ltr'>quicquid</span> 
     </span>
     <span class='ocr_line' id='line_1_22' title="bbox 213 1290 1388 1335; baseline -0.004 -4"><span class='ocrx_word' id='word_1_140' title='bbox 213 1300 276 1331; x_wconf 91' lang='lat' dir='ltr'>est</span> <span class='ocrx_word' id='word_1_141' title='bbox 301 1294 367 1330; x_wconf 94' lang='lat' dir='ltr'>ubi</span> <span class='ocrx_word' id='word_1_142' title='bbox 393 1293 535 1330; x_wconf 90' lang='lat' dir='ltr'>saltem</span> <span class='ocrx_word' id='word_1_143' title='bbox 561 1294 679 1329; x_wconf 82' lang='lat' dir='ltr'>busta</span> <span class='ocrx_word' id='word_1_144' title='bbox 703 1293 860 1329; x_wconf 89' lang='lat' dir='ltr'>urbium</span> <span class='ocrx_word' id='word_1_145' title='bbox 886 1297 1061 1335; x_wconf 89' lang='lat' dir='ltr'>exstant,</span> <span class='ocrx_word' id='word_1_146' title='bbox 1084 1290 1230 1328; x_wconf 88' lang='lat' dir='ltr'>simul2</span> <span class='ocrx_word' id='word_1_147' title='bbox 1253 1296 1388 1327; x_wconf 83' lang='lat' dir='ltr'>terrae</span> 
     </span>
     <span class='ocr_line' id='line_1_23' title="bbox 211 1345 1389 1397; baseline -0.003 -13"><span class='ocrx_word' id='word_1_148' title='bbox 211 1347 402 1384; x_wconf 82' lang='lat' dir='ltr'>miracula</span> <span class='ocrx_word' id='word_1_149' title='bbox 424 1349 556 1397; x_wconf 79' lang='lat' dir='ltr'>potius</span> <span class='ocrx_word' id='word_1_150' title='bbox 581 1346 755 1383; x_wconf 86' lang='lat' dir='ltr'>dicamus</span> <span class='ocrx_word' id='word_1_151' title='bbox 781 1359 901 1395; x_wconf 89' lang='lat' dir='ltr'>quam</span> <span class='ocrx_word' id='word_1_152' title='bbox 923 1345 1076 1382; x_wconf 87' lang='lat' dir='ltr'>scelera</span> <span class='ocrx_word' id='word_1_153' title='bbox 1098 1350 1278 1381; x_wconf 89' lang='lat' dir='ltr'>naturae.</span> <span class='ocrx_word' id='word_1_154' title='bbox 1332 1349 1389 1388; x_wconf 88' lang='lat' dir='ltr'>et,</span> 
     </span>
     <span class='ocr_line' id='line_1_24' title="bbox 212 1397 1389 1444; baseline -0.002 -7"><span class='ocrx_word' id='word_1_155' title='bbox 212 1401 400 1444; x_wconf 89' lang='lat' dir='ltr'>Hercule,</span> <span class='ocrx_word' id='word_1_156' title='bbox 428 1413 507 1437; x_wconf 93' lang='lat' dir='ltr'>non</span> <span class='ocrx_word' id='word_1_157' title='bbox 535 1400 724 1437; x_wconf 87' lang='lat' dir='ltr'>caelestia</span> <span class='ocrx_word' id='word_1_158' title='bbox 752 1405 940 1436; x_wconf 89' lang='lat' dir='ltr'>enarratu</span> <span class='ocrx_word' id='word_1_159' title='bbox 967 1398 1185 1435; x_wconf 89' lang='lat' dir='ltr'>difficiliora</span> <span class='ocrx_word' id='word_1_160' title='bbox 1211 1397 1389 1435; x_wconf 82' lang='lat' dir='ltr'>fuerint:</span> 
     </span>
    </p>

    <p class='ocr_par' dir='ltr' id='par_1_6' title="bbox 127 1451 1390 1611">
     <span class='ocr_line' id='line_1_25' title="bbox 127 1451 1388 1503; baseline -0.003 -12"><span class='ocrx_word' id='word_1_161' title='bbox 127 1458 192 1491; x_wconf 84' lang='lat'>207</span> <span class='ocrx_word' id='word_1_162' title='bbox 215 1454 469 1491; x_wconf 79' lang='lat' dir='ltr'>metallorum</span> <span class='ocrx_word' id='word_1_163' title='bbox 506 1453 710 1503; x_wconf 85' lang='lat' dir='ltr'>opulentia</span> <span class='ocrx_word' id='word_1_164' title='bbox 745 1458 830 1490; x_wconf 90' lang='lat' dir='ltr'>tam</span> <span class='ocrx_word' id='word_1_165' title='bbox 866 1455 987 1496; x_wconf 85' lang='lat' dir='ltr'>varia,</span> <span class='ocrx_word' id='word_1_166' title='bbox 1023 1457 1108 1489; x_wconf 90' lang='lat' dir='ltr'>tam</span> <span class='ocrx_word' id='word_1_167' title='bbox 1145 1451 1268 1495; x_wconf 74' lang='lat' dir='ltr'>dives,</span> <span class='ocrx_word' id='word_1_168' title='bbox 1303 1456 1388 1487; x_wconf 89' lang='lat' dir='ltr'>tam</span> 
     </span>
     <span class='ocr_line' id='line_1_26' title="bbox 213 1504 1388 1551; baseline -0.004 -6"><span class='ocrx_word' id='word_1_169' title='bbox 213 1507 396 1551; x_wconf 86' lang='lat' dir='ltr'>fecunda,</span> <span class='ocrx_word' id='word_1_170' title='bbox 421 1513 484 1544; x_wconf 92' lang='lat' dir='ltr'>tot</span> <span class='ocrx_word' id='word_1_171' title='bbox 508 1507 674 1544; x_wconf 86' lang='lat' dir='ltr'>saeculis</span> <span class='ocrx_word' id='word_1_172' title='bbox 700 1507 920 1550; x_wconf 86' lang='lat' dir='ltr'>suboriens,</span> <span class='ocrx_word' id='word_1_173' title='bbox 944 1519 1034 1542; x_wconf 89' lang='lat' dir='ltr'>cum</span> <span class='ocrx_word' id='word_1_174' title='bbox 1058 1510 1218 1542; x_wconf 91' lang='lat' dir='ltr'>tantum</span> <span class='ocrx_word' id='word_1_175' title='bbox 1242 1504 1388 1541; x_wconf 82' lang='lat' dir='ltr'>cotidie</span> 
     </span>
     <span class='ocr_line' id='line_1_27' title="bbox 212 1557 1390 1611; baseline -0.004 -13"><span class='ocrx_word' id='word_1_176' title='bbox 212 1562 308 1598; x_wconf 88' lang='lat' dir='ltr'>orbe</span> <span class='ocrx_word' id='word_1_177' title='bbox 331 1567 418 1598; x_wconf 86' lang='lat' dir='ltr'>toto</span> <span class='ocrx_word' id='word_1_178' title='bbox 442 1561 683 1611; x_wconf 89' lang='lat' dir='ltr'>populentur</span> <span class='ocrx_word' id='word_1_179' title='bbox 704 1563 831 1610; x_wconf 88' lang='lat' dir='ltr'>ignes,</span> <span class='ocrx_word' id='word_1_180' title='bbox 852 1562 1004 1603; x_wconf 89' lang='lat' dir='ltr'>ruinae,</span> <span class='ocrx_word' id='word_1_181' title='bbox 1027 1558 1248 1608; x_wconf 85' lang='lat' dir='ltr'>naufragia,</span> <span class='ocrx_word' id='word_1_182' title='bbox 1270 1557 1390 1601; x_wconf 88' lang='lat' dir='ltr'>bella,</span> 
     </span>
    </p>
   </div>
   <div class='ocr_carea' id='block_1_3' title="bbox 251 1661 1389 1708">
    <p class='ocr_par' dir='ltr' id='par_1_7' title="bbox 251 1661 1389 1708">
     <span class='ocr_line' id='line_1_28' title="bbox 251 1661 1389 1708; baseline -0.004 -10"><span class='ocrx_word' id='word_1_183' title='bbox 251 1666 265 1688; x_wconf 78' lang='lat'>¹</span> <span class='ocrx_word' id='word_1_184' title='bbox 288 1676 424 1708; x_wconf 89' lang='lat' dir='ltr'>quoque</span> <span class='ocrx_word' id='word_1_185' title='bbox 438 1665 514 1697; x_wconf 71' lang='lat' dir='ltr'>add.</span> <span class='ocrx_word' id='word_1_186' title='bbox 531 1664 688 1706; x_wconf 79' lang='lat' dir='ltr'>Mayhoff</span> <span class='ocrx_word' id='word_1_187' title='bbox 701 1666 778 1704; x_wconf 86' lang='lat' dir='ltr'>(om.</span> <span class='ocrx_word' id='word_1_188' title='bbox 794 1666 907 1705; x_wconf 87' lang='lat' dir='ltr'>quae).</span> <span class='ocrx_word' id='word_1_189' title='bbox 964 1663 978 1683; x_wconf 76' lang='lat'><strong>²</strong></span> <span class='ocrx_word' id='word_1_190' title='bbox 1002 1663 1171 1695; x_wconf 73' lang='lat' dir='ltr'>Rackham</span> <span class='ocrx_word' id='word_1_191' title='bbox 1185 1675 1193 1694; x_wconf 76' lang='lat' dir='ltr'><em>z</em></span> <span class='ocrx_word' id='word_1_192' title='bbox 1222 1661 1324 1694; x_wconf 84' lang='lat' dir='ltr'>simul</span> <span class='ocrx_word' id='word_1_193' title='bbox 1337 1663 1389 1694; x_wconf 75' lang='lat' dir='ltr'>ut.</span> 
     </span>
    </p>
   </div>
   <div class='ocr_carea' id='block_1_4' title="bbox 214 1781 1389 1911">
    <p class='ocr_par' dir='ltr' id='par_1_8' title="bbox 214 1781 1389 1911">
     <span class='ocr_line' id='line_1_29' title="bbox 256 1781 1389 1826; baseline -0.005 -9"><span class='ocrx_word' id='word_1_194' title='bbox 256 1790 271 1805; x_wconf 76' lang='lat'>⁶</span> <span class='ocrx_word' id='word_1_195' title='bbox 293 1785 376 1817; x_wconf 86' lang='lat' dir='ltr'>This</span> <span class='ocrx_word' id='word_1_196' title='bbox 396 1785 478 1826; x_wconf 92' lang='lat' dir='ltr'>long</span> <span class='ocrx_word' id='word_1_197' title='bbox 499 1783 678 1825; x_wconf 81' lang='lat' dir='ltr'>peninsula</span> <span class='ocrx_word' id='word_1_198' title='bbox 697 1783 747 1814; x_wconf 82' lang='lat' dir='ltr'>off</span> <span class='ocrx_word' id='word_1_199' title='bbox 769 1783 829 1814; x_wconf 80' lang='lat' dir='ltr'>the</span> <span class='ocrx_word' id='word_1_200' title='bbox 849 1783 902 1815; x_wconf 92' lang='lat' dir='ltr'>W.</span> <span class='ocrx_word' id='word_1_201' title='bbox 927 1786 1023 1814; x_wconf 81' lang='lat' dir='ltr'>coast</span> <span class='ocrx_word' id='word_1_202' title='bbox 1046 1781 1082 1813; x_wconf 82' lang='lat' dir='ltr'>of</span> <span class='ocrx_word' id='word_1_203' title='bbox 1103 1781 1298 1813; x_wconf 81' lang='lat' dir='ltr'>Acarnania</span> <span class='ocrx_word' id='word_1_204' title='bbox 1319 1790 1389 1811; x_wconf 86' lang='lat' dir='ltr'>was</span> 
     </span>
     <span class='ocr_line' id='line_1_30' title="bbox 214 1823 1388 1868; baseline -0.005 -8"><span class='ocrx_word' id='word_1_205' title='bbox 214 1828 315 1860; x_wconf 87' lang='lat' dir='ltr'>made</span> <span class='ocrx_word' id='word_1_206' title='bbox 338 1830 410 1860; x_wconf 82' lang='lat' dir='ltr'>into</span> <span class='ocrx_word' id='word_1_207' title='bbox 427 1839 472 1859; x_wconf 85' lang='lat' dir='ltr'>an</span> <span class='ocrx_word' id='word_1_208' title='bbox 495 1827 605 1858; x_wconf 86' lang='lat' dir='ltr'>island</span> <span class='ocrx_word' id='word_1_209' title='bbox 623 1827 670 1868; x_wconf 87' lang='lat' dir='ltr'>by</span> <span class='ocrx_word' id='word_1_210' title='bbox 694 1826 753 1858; x_wconf 85' lang='lat' dir='ltr'>the</span> <span class='ocrx_word' id='word_1_211' title='bbox 769 1825 988 1858; x_wconf 85' lang='lat' dir='ltr'>Corinthians</span> <span class='ocrx_word' id='word_1_212' title='bbox 1003 1824 1079 1856; x_wconf 83' lang='lat' dir='ltr'>who</span> <span class='ocrx_word' id='word_1_213' title='bbox 1097 1825 1131 1855; x_wconf 88' lang='lat' dir='ltr'>in</span> <span class='ocrx_word' id='word_1_214' title='bbox 1148 1824 1208 1856; x_wconf 73' lang='lat' dir='ltr'>the</span> <span class='ocrx_word' id='word_1_215' title='bbox 1223 1823 1284 1855; x_wconf 84' lang='lat' dir='ltr'>7th</span> <span class='ocrx_word' id='word_1_216' title='bbox 1299 1826 1388 1855; x_wconf 69' lang='lat' dir='ltr'>cent.</span> 
     </span>
     <span class='ocr_line' id='line_1_31' title="bbox 214 1865 1389 1911; baseline -0.005 -8"><span class='ocrx_word' id='word_1_217' title='bbox 214 1881 280 1904; x_wconf 82' lang='lat' dir='ltr'>13.c.</span> <span class='ocrx_word' id='word_1_218' title='bbox 309 1875 367 1902; x_wconf 66' lang='lat' dir='ltr'>cut</span> <span class='ocrx_word' id='word_1_219' title='bbox 393 1882 414 1902; x_wconf 91' lang='lat' dir='ltr'>a</span> <span class='ocrx_word' id='word_1_220' title='bbox 441 1870 539 1902; x_wconf 84' lang='lat' dir='ltr'>eanal</span> <span class='ocrx_word' id='word_1_221' title='bbox 566 1869 716 1911; x_wconf 81' lang='lat' dir='ltr'>through</span> <span class='ocrx_word' id='word_1_222' title='bbox 742 1869 803 1901; x_wconf 86' lang='lat' dir='ltr'>the</span> <span class='ocrx_word' id='word_1_223' title='bbox 829 1868 976 1900; x_wconf 86' lang='lat' dir='ltr'>isthmus</span> <span class='ocrx_word' id='word_1_224' title='bbox 1002 1869 1135 1909; x_wconf 84' lang='lat' dir='ltr'>joining</span> <span class='ocrx_word' id='word_1_225' title='bbox 1164 1868 1192 1898; x_wconf 74' lang='lat' dir='ltr'>it,</span> <span class='ocrx_word' id='word_1_226' title='bbox 1217 1866 1303 1898; x_wconf 76' lang='lat' dir='ltr'>with</span> <span class='ocrx_word' id='word_1_227' title='bbox 1330 1865 1389 1898; x_wconf 83' lang='lat' dir='ltr'>the</span> 
     </span>
    </p>
   </div>
   <div class='ocr_carea' id='block_1_5' title="bbox 212 1914 1388 1989">
    <p class='ocr_par' dir='ltr' id='par_1_9' title="bbox 212 1914 1388 1989">
     <span class='ocr_line' id='line_1_32' title="bbox 212 1914 1388 1989; baseline -0.006 0"><span class='ocrx_word' id='word_1_228' title='bbox 212 1914 527 1989; x_wconf 43' lang='lat' dir='ltr'>maugffiddhannel</span> <span class='ocrx_word' id='word_1_229' title='bbox 543 1955 582 1987; x_wconf 89' lang='lat' dir='ltr'>of</span> <span class='ocrx_word' id='word_1_230' title='bbox 596 1955 765 1987; x_wconf 85' lang='lat' dir='ltr'>Istambul</span> <span class='ocrx_word' id='word_1_231' title='bbox 782 1954 852 1988; x_wconf 80' lang='lat' dir='ltr'>and</span> <span class='ocrx_word' id='word_1_232' title='bbox 867 1954 926 1986; x_wconf 79' lang='lat' dir='ltr'>the</span> <span class='ocrx_word' id='word_1_233' title='bbox 941 1953 1089 1985; x_wconf 78' lang='lat' dir='ltr'>Kertsch</span> <span class='ocrx_word' id='word_1_234' title='bbox 1103 1952 1192 1985; x_wconf 79' lang='lat' dir='ltr'>from</span> <span class='ocrx_word' id='word_1_235' title='bbox 1207 1951 1266 1984; x_wconf 81' lang='lat' dir='ltr'>the</span> <span class='ocrx_word' id='word_1_236' title='bbox 1281 1950 1388 1984; x_wconf 84' lang='lat' dir='ltr'>Black</span> 
     </span>
    </p>
   </div>
   <div class='ocr_carea' id='block_1_6' title="bbox 211 1999 656 2111">
    <p class='ocr_par' dir='ltr' id='par_1_10' title="bbox 211 1999 656 2111">
     <span class='ocr_line' id='line_1_33' title="bbox 211 1999 656 2033; baseline -0.007 0"><span class='ocrx_word' id='word_1_237' title='bbox 211 2000 276 2033; x_wconf 86' lang='lat' dir='ltr'>Sea</span> <span class='ocrx_word' id='word_1_238' title='bbox 292 2004 329 2032; x_wconf 81' lang='lat' dir='ltr'>to</span> <span class='ocrx_word' id='word_1_239' title='bbox 345 2000 404 2032; x_wconf 82' lang='lat' dir='ltr'>the</span> <span class='ocrx_word' id='word_1_240' title='bbox 420 2000 484 2032; x_wconf 84' lang='lat' dir='ltr'>Sea</span> <span class='ocrx_word' id='word_1_241' title='bbox 499 1999 538 2031; x_wconf 84' lang='lat' dir='ltr'>of</span> <span class='ocrx_word' id='word_1_242' title='bbox 550 1999 656 2031; x_wconf 86' lang='lat' dir='ltr'>Azov.</span> 
     </span>
     <span class='ocr_line' id='line_1_34' title="bbox 214 2062 286 2111; baseline -0.014 0"><span class='ocrx_word' id='word_1_243' title='bbox 214 2062 286 2111; x_wconf 82' lang='lat'>³36</span> 
     </span>
    </p>
   </div>
  </div>
 </body>
</html>
