1471 2326
118 548 180 579 186

119 969 180 1000 187

121 1549 182 1580 188

401 125 529 163 PLIN
532 125 568 162 Y
582 139 591 163 :
640 126 676 163 N
679 126 904 164 ATURAL
939 126 1175 164 HISTORY

202 227 361 276 adspici.
425 227 685 271 Onesicritus,
714 227 795 264 dux
825 231 921 271 eius,
960 231 1116 277 scripsit
1157 229 1296 277 quibus
1337 231 1378 265 in

200 280 295 316 locis
334 279 471 316 Indiae
509 280 674 316 umbrae
712 293 792 316 non
828 283 907 316 sint
943 284 1261 330 septentrionem
1300 295 1378 318 non

200 335 386 381 conspici,
403 338 445 369 et
464 345 511 368 ea
527 332 613 369 loca
633 333 825 382 appellari
849 336 966 376 ascia,
989 346 1063 369 nec
1086 333 1200 370 horas
1225 334 1378 370 dinum-

202 388 305 421 erari
329 385 394 421 ibi.
450 385 630 421 LXXVI.
685 386 741 421 At
763 388 805 421 in
826 391 914 422 tota
932 386 1199 435 Trogodytice
1218 387 1377 422 umbras

201 438 260 474 bis
279 437 544 487 quadraginta
562 440 735 487 quinque
755 437 892 474 diebus
910 441 951 474 in
969 451 1072 475 anno
1089 438 1378 476 Eratosthenes

200 493 241 526 in
257 493 497 526 contrarium
514 490 657 527 cadere
673 490 858 539 prodidit.

256 543 458 579 LXXVII.
513 543 575 579 Sic
613 543 657 579 fit
694 549 740 580 ut
777 546 884 580 vario
921 543 1016 580 lucis
1054 546 1301 580 incremento
1338 546 1379 580 in

201 595 342 632 Meroe
364 595 613 645 longissimus
638 595 720 632 dies
749 596 829 632 XII
858 595 973 632 horas
1003 596 1309 646 aequinoctiales
1339 602 1380 633 et

201 654 292 685 octo
321 654 456 698 partes
487 651 600 684 unius
630 647 751 684 horae
782 649 958 698 colligat,
988 649 1256 686 Alexandriae
1285 662 1380 685 vero

200 701 298 738 XIV
330 701 459 744 horas,
492 704 533 737 in
566 701 683 737 Italia
715 701 802 744 XV,
834 704 875 737 in
907 701 1112 738 Britannia
1148 701 1280 745 XVII,
1312 702 1380 738 ubi

202 759 358 790 aestate
399 754 552 790 lucidae
594 760 732 790 noctes
770 753 868 790 haut
906 754 1026 790 dubie
1062 753 1380 803 repromittunt²

201 807 242 842 id
272 806 378 855 quod
405 810 513 856 cogit
540 809 642 843 ratio
670 806 793 850 credi,
821 807 966 843 solstiti
995 806 1134 843 diebus
1164 806 1380 844 accedente

201 859 284 895 sole
315 862 475 908 propius
506 862 698 896 verticem
729 859 866 896 mundi
898 865 1068 909 angusto
1098 860 1195 896 lucis
1227 860 1381 896 ambitu

201 912 381 948 subiecta
400 918 534 948 terrae
553 915 760 948 continuos
780 912 863 948 dies
884 911 1033 948 habere
1048 915 1151 949 senis
1167 913 1382 956 mensibus,

205 971 422 1014 noctesque
447 978 468 1001 e
492 964 647 1001 diverso
670 965 721 1001 ad
742 965 925 1001 brumam
947 971 1113 1002 remoto.
1168 965 1274 1015 quod
1296 965 1382 1001 fieri

202 1021 242 1053 in
282 1017 409 1053 insula
448 1017 575 1067 Th3³le
617 1017 790 1067 Pytheas
835 1017 1094 1054 Massiliensis
1134 1018 1272 1055 scribit
1311 1031 1382 1054 sex

202 1070 358 1106 dierum
395 1073 648 1120 navigatione
686 1073 726 1106 in
762 1073 1080 1120 septentrionem
1117 1083 1140 1106 a
1176 1070 1383 1107 Britannia

202 1123 394 1166 distante,
427 1123 587 1172 quidam
620 1136 714 1159 vero
748 1129 789 1160 et
821 1126 861 1159 in
896 1123 1033 1166 Mona,
1066 1136 1168 1172 quae
1201 1123 1325 1160 distat
1357 1136 1381 1159 a

203 1175 474 1212 Camaloduno
523 1176 753 1212 Britanniae
802 1176 946 1225 oppido
995 1179 1154 1213 circiter
1202 1176 1382 1212 ducentis

201 1228 373 1272 milibus,
391 1229 613 1265 adfirmant.

256 1281 480 1318 LXXVIII.
537 1281 780 1318 Umbrarum
816 1280 917 1317 hanc
952 1284 1149 1318 rationem
1186 1287 1227 1318 et
1263 1294 1382 1331 quam

203 1340 347 1370 vocant
384 1337 649 1384 gnomonicen
687 1337 837 1370 invenit
876 1335 1147 1370 Anaximenes
1188 1334 1383 1377 Milesius,

203 1387 493 1423 Anaximandri
515 1387 580 1435 (de
603 1400 679 1436 quo
701 1387 887 1436 diximus)
908 1387 1135 1436 discipulus,
1154 1389 1384 1436 primusque

203 1438 452 1489 horologium
468 1440 573 1489 quod
587 1440 791 1489 appellant
806 1439 1070 1476 sciothericon
1084 1439 1385 1476 Lacedaemone

203 1492 390 1529 ostendit.

258 1545 441 1582 LXXIX.
497 1545 632 1594 Ipsum
680 1545 785 1581 diem
834 1545 899 1581 alii
947 1545 1063 1581 aliter
1110 1545 1385 1589 observavere,

202 1598 396 1648 Babyloni
420 1601 526 1635 inter
549 1598 646 1634 duos
671 1598 762 1634 solis
789 1604 966 1641 exortus,
990 1597 1256 1634 Athenienses
1279 1600 1385 1634 inter

205 1733 238 1765 D
255 1691 392 1775 tldtubie
434 1702 469 1723 se
511 1693 721 1733 promittunt
768 1690 932 1733 Mayhoff,
978 1691 1135 1722 dubitare
1176 1691 1385 1731 promittunt

240 1746 253 1765 ε
282 1746 295 1765 r:
313 1744 379 1764 sen.

197 1805 278 1812 ——.

249 1856 262 1870 '²
285 1851 367 1883 This
384 1852 411 1882 is
429 1852 634 1886 inaceurate,
652 1861 689 1881 as
705 1861 763 1881 are
783 1850 882 1882 other
898 1851 1013 1892 points
1030 1851 1064 1881 in
1080 1850 1149 1881 this
1165 1860 1317 1892 passage.

250 1893 262 1912 ὁ
285 1894 344 1925 I.e.
364 1894 513 1925 towards
530 1893 589 1924 the
605 1893 725 1924 South.

204 1940 264 2010 Cf⁶
273 1935 345 2009 115⁷&
372 1937 416 1967 all
441 1937 594 1968 between
618 1936 676 1968 the
702 1936 817 1968 vei-nal
841 1935 910 1967 and
934 1935 992 1967 the
1017 1935 1196 1967 autumna]
1222 1936 1382 1977 equinox.

204 2040 276 2088 318
