1471 2326
107 361 165 391 161

109 908 169 938 162

387 132 554 170 PLINY
568 146 577 170 ε
627 133 891 171 NATURAL
927 131 1161 170 HISTORY

188 237 271 271 eius
287 234 451 284 globum
466 238 507 270 in
520 234 691 271 formam
706 235 811 271 orbis
828 233 992 270 adsidua
1006 236 1110 270 circa
1126 247 1214 270 eam
1229 233 1364 271 mundi

190 296 436 332 volubilitate
453 302 635 345 cogente.

242 356 361 392 LXV.
418 356 562 406 Ingens
597 356 658 392 hic
692 369 826 406 pugna
857 355 1113 392 litterarum1
1145 362 1366 406 contraque

189 417 315 466 volgi:
368 417 629 453 circumfundi
670 423 805 453 terrae
844 416 1020 466 undique
1059 416 1237 453 homines
1277 429 1367 453 con-

189 481 391 527 versisque
414 481 519 514 inter
541 491 583 514 se
612 478 779 527 pedibus
807 483 929 521 stare,
950 483 991 514 et
1019 480 1170 514 cunctis
1198 477 1367 513 similem

189 551 275 575 esse
293 538 392 575 caeli
410 538 633 582 verticem,2
649 538 766 575 simili
782 538 900 575 modo
919 551 968 575 ex
987 551 1236 587 quacumque
1253 543 1368 587 parte

188 599 392 636 mediam³
422 599 607 636 terram4
637 599 794 643 calcari,
823 599 893 635 illo
926 605 1159 648 quaerente,
1190 611 1259 635 cur
1290 611 1368 635 non

189 659 376 696 decidant
401 666 542 696 contra
565 663 645 703 siti,
669 666 875 709 tamquam
900 673 981 696 non
1003 662 1105 696 ratio
1130 665 1292 708 praesto
1316 662 1368 696 sit

190 727 234 757 ut
247 734 316 757 nos
330 734 408 757 non
421 721 605 758 decidere
617 724 812 757 mirentur
821 721 889 757 illi.
943 723 1157 757 intervenit
1168 722 1369 756 sententia

190 785 367 831 quamvis
396 782 556 818 indocili
583 781 799 831 probabilis
827 781 985 825 turbae,
1013 780 1211 830 inaequali
1237 780 1370 831 globo,

189 849 234 879 ut
271 845 303 878 si
339 846 390 879 sit
429 843 555 893 figura
591 846 733 892 pineae
771 845 894 886 nucis,
931 841 1181 878 nihilominus
1218 847 1370 878 terram

193 903 368 953 undique
400 904 528 940 incoli.
583 903 662 940 Sed
693 903 787 953 quid
818 902 891 940 hoc
920 902 1047 939 refert
1077 902 1153 939 alio
1182 902 1370 939 miraculo

190 968 412 1008 exoriente,
432 964 609 1014 pendere
627 968 752 1014 ipsam
771 978 815 1000 ac
832 977 912 1001 non
928 963 1072 1000 cadere
1089 964 1293 1000 nobiscum
1305 963 1371 999 ?—

189 1038 263 1062 ceu
285 1028 445 1075 spiritus
474 1029 544 1068 vis,
564 1025 713 1062 mundo
734 1028 972 1075 praesertim
994 1024 1146 1069 inclusi,
1166 1025 1286 1061 dubia
1306 1027 1371 1068 sit,

191 1093 260 1124 aut
291 1090 415 1136 possit
445 1087 588 1123 cadere
620 1093 762 1123 natura
791 1092 1042 1136 repugnante
1073 1091 1115 1123 et
1144 1099 1222 1136 quo
1251 1085 1369 1122 cadat

196 1150 392 1198 negante!
438 1161 530 1184 nam
564 1151 666 1184 sicut
700 1151 849 1198 ignium
879 1147 994 1184 sedes
1028 1160 1107 1183 non
1138 1152 1199 1183 est
1230 1149 1303 1183 nisi
1331 1148 1371 1182 in

192 1210 362 1258 ignibus,
381 1222 572 1258 aquarum
593 1212 664 1245 nisi
684 1212 723 1244 in
743 1212 868 1258 aquis,
886 1211 1045 1257 spiritus
1065 1210 1138 1244 nisi
1157 1210 1197 1244 in
1215 1210 1370 1257 spiritu,

191 1272 245 1306 sic
265 1275 399 1307 terrae
420 1271 645 1306 arcentibus
666 1273 817 1306 cunctis
837 1272 910 1305 nisi
931 1272 971 1305 in
989 1282 1032 1306 se
1056 1268 1163 1305 locus
1189 1281 1269 1305 non
1294 1274 1367 1305 est.

191 1331 354 1381 globum
375 1338 511 1367 tamen
529 1332 626 1368 effici
649 1334 792 1367 mirum
810 1336 872 1367 est
888 1334 927 1366 in
944 1336 1060 1367 tanta
1074 1330 1240 1380 planitie
1255 1332 1372 1366 maris

191 1405 513 1442 camporumque.
569 1395 630 1428 cui
647 1395 873 1428 sententiae
890 1391 1005 1428 adest
1022 1390 1304 1434 Dicaearchus,
1316 1393 1372 1427 vir

193 1455 231 1488 in
261 1456 397 1502 primis
427 1453 621 1496 eruditus,
650 1467 788 1503 regum
817 1466 912 1489 cura
939 1465 1173 1502 permensus
1203 1457 1373 1495 montes,

194 1527 243 1550 ex
259 1515 398 1563 quibus
413 1514 650 1551 altissimum
664 1514 839 1564 prodidit
854 1514 1008 1550 Pelium
1024 1513 1174 1550 MCCL
1186 1525 1371 1562 passuum

191 1578 345 1612 ratione
384 1576 671 1625 perpendiculi,
708 1575 859 1611 nullam
897 1588 985 1612 esse
1024 1588 1112 1611 eam
1149 1577 1372 1624 portionem

378 1661 388 1680 ¹
411 1660 668 1692 litteratorum?
689 1661 867 1692 Rackham.

377 1704 389 1722 ²
413 1703 474 1734 v.ll.
501 1705 663 1734 verticem
685 1703 767 1734 caeli
783 1708 841 1735 aut
860 1703 1032 1734 verticem.

375 1745 387 1763 ³
411 1746 461 1777 tul.
477 1747 598 1777 media.
750 1746 764 1765 ⁴
786 1749 913 1776 terram
925 1746 1000 1776 add.
1015 1745 1193 1777 Rackkam.

231 1851 245 1865 ⁰
269 1846 396 1877 Passus
414 1859 449 1871 =
469 1846 488 1876 2
503 1844 624 1884 ,qraduae
642 1858 677 1870 =
696 1846 715 1874 5
732 1844 869 1874 Roman
889 1844 969 1880 feet,
988 1845 1082 1874 1-617
1101 1844 1216 1884 yards,
1233 1844 1375 1884 making

188 1889 333 1920 Pelion's
356 1889 471 1921 height
494 1899 531 1918 as
553 1888 668 1918 stated
691 1887 768 1917 here
790 1897 872 1918 over
894 1888 991 1923 6‚000
1014 1886 1157 1926 English
1179 1886 1259 1918 feet..
1304 1887 1375 1918 The

187 1932 450 1971 Encydopaedia
470 1931 668 1962 Britannica
689 1931 783 1970 gives
804 1930 831 1960 it
853 1940 890 1959 as
912 1931 1009 1966 5340
1029 1929 1111 1961 feet.
1158 1929 1258 1971 Pliny
1279 1939 1375 1961 over-

186 1981 294 2006 states
312 1975 371 2006 the
391 1974 513 2016 Alpine
531 1973 667 2015 heights
686 1972 932 2013 fantastically.

185 2048 262 2100 296
