1471 2326
382 116 549 155 PLINY
562 130 572 155 :
621 118 658 154 N
660 117 885 155 ATURAL
918 117 1156 156 HISTORY

183 232 401 270 numquam
416 222 597 269 repertis.
640 219 741 257 CVI.
774 219 993 257 Mirabilius
1009 221 1048 258 id
1063 220 1213 258 faciunt
1229 233 1356 271 aquae

181 292 316 329 dulces
346 295 460 329 iuxta
489 306 598 330 mare
629 298 675 329 ut
707 292 846 329 fistulis
878 296 1107 330 emicantes.
1160 306 1253 330 nam
1283 306 1357 331 nec

184 377 378 414 aquarum
431 371 574 402 natura
625 365 822 402 miraculis
875 371 1016 403 cessat.
1070 366 1205 403 dulces
1257 368 1356 402 mari

185 436 440 481 invehuntur,
467 437 633 474 leviores
662 436 761 474 haut
790 437 921 475 dubie.
976 438 1066 475 ideo
1095 444 1138 475 et
1165 440 1356 483 marinae,

182 522 350 559 quarum
389 515 534 547 natura
572 513 745 560 gravior,
783 514 910 561 magis
950 514 1108 548 invecta
1145 513 1356 548 sustinent.

183 582 380 632 quaedam
399 595 493 619 vero
512 588 553 619 et
572 582 706 619 dulces
725 586 830 620 inter
848 596 890 620 se
909 589 1167 633 supermeant
1185 583 1294 627 alias,
1311 588 1357 620 ut

181 657 222 692 in
250 655 397 691 Fucino
424 654 512 692 lacu
539 658 717 692 invectus
747 654 966 700 amnis,1in
995 656 1112 693 Lario
1139 655 1298 700 Addua,
1317 658 1358 693 in

183 726 396 764 Verbanno
427 727 599 772 Ticinus,
631 731 671 764 in
703 727 860 765 Benaco
895 728 1080 773 Mincius,
1112 731 1153 766 in
1184 728 1357 766 Sebinno

183 799 326 845 Ollius,
366 803 407 837 in
449 800 654 837 Lemanno
696 800 924 845 Rhodanus,
964 800 1027 838 hic
1068 807 1179 838 trans
1219 801 1358 851 Alpes,

179 876 405 922 superiores
453 876 493 910 in
543 873 674 918 Italia,
721 874 939 911 multorum
986 874 1139 911 milium
1185 877 1358 911 transitu

180 944 367 995 hospitali
397 959 486 982 suas
517 951 678 983 tantum
708 959 783 983 nec
812 946 1003 997 largiores
1036 960 1156 997 quam
1186 947 1357 984 intulere

181 1031 302 1068 aquas
327 1018 556 1056 evehentes.
609 1019 814 1069 proditum
835 1018 910 1057 hoc
934 1025 976 1057 et
998 1022 1040 1056 in
1062 1019 1216 1057 Oronte
1239 1033 1357 1057 amne

96 1098 160 1130 225
183 1093 319 1144 Syriae
340 1094 555 1144 multisque
576 1094 671 1131 aliis.
727 1095 887 1144 quidam
909 1108 1003 1132 vero
1023 1095 1113 1132 odio
1133 1098 1252 1132 maris
1272 1098 1357 1145 ipsa

180 1167 354 1203 subeunt
383 1167 497 1211 vada,
525 1170 627 1204 sicut
656 1167 873 1211 Arethusa,
903 1167 989 1204 fons
1019 1167 1287 1218 Syracusanus
1316 1171 1357 1205 in

180 1252 258 1289 quo
281 1238 503 1276 redduntur
526 1243 631 1277 iacta
653 1243 694 1276 in
717 1240 919 1290 Alpheum
943 1244 1008 1290 qui
1032 1254 1104 1290 per
1128 1240 1356 1292 Olympiam

178 1312 306 1350 fluens
356 1311 693 1362 Peloponnesiaco
740 1312 849 1350 litori
896 1313 1129 1351 infunditur.
1182 1314 1356 1351 subeunt

176 1390 307 1422 terras
330 1398 544 1435 rursusque
567 1385 790 1422 redduntur
816 1385 944 1436 Lycus
970 1389 1011 1422 in
1034 1386 1144 1430 Asia,
1167 1386 1355 1423 Erasinus

178 1460 220 1495 in
256 1457 457 1508 Argolica,
490 1458 619 1508 Tigris
655 1461 695 1494 in
732 1458 1049 1508 Mesopotamia3
1101 1465 1143 1496 et
1178 1472 1280 1509 quae
1315 1462 1356 1496 in

176 1530 391 1580 Aesculapi
427 1529 540 1568 fonte
577 1530 747 1568 Athenis
785 1544 917 1568 mersa
943 1537 1036 1568 sunt
1072 1534 1114 1568 in
1151 1531 1356 1570 Phalerico

176 1603 412 1640 redduntur.
467 1609 508 1640 et
526 1606 568 1640 in
586 1604 753 1641 Atinate
772 1617 912 1654 campo
933 1604 1070 1641 fluvius
1091 1618 1243 1641 mersus
1262 1611 1354 1655 post

177 1675 254 1712 XX
279 1676 388 1712 milia
412 1690 600 1726 passuum
627 1680 725 1721 exit,
751 1683 792 1714 et
818 1680 858 1713 in
883 1677 1130 1727 Aquileiensi
1155 1677 1353 1717 Timavus.

93 1755 157 1787 226
182 1750 287 1787 Nihil
308 1754 348 1787 in
370 1751 599 1801 Asphaltite
623 1752 797 1789 Iudaeae
820 1752 907 1789 lacu
931 1755 996 1802 qui
1018 1753 1204 1790 bitumen
1223 1756 1354 1804 gignit,

176 1826 305 1874 mergi
329 1830 477 1873 potest,
500 1837 573 1861 nec
596 1827 638 1861 in
660 1825 876 1862 Armeniae
899 1828 1057 1862 maioris
1081 1825 1283 1869 Aretissa3
1321 1828 1353 1862 is

179 1896 342 1946 quidem
385 1900 557 1933 nitrosus
602 1900 729 1946 pisces
773 1898 856 1934 alit.
910 1900 950 1934 in
994 1897 1198 1935 Salentino
1242 1900 1353 1935 iuxta

383 1981 398 2003 ²
421 1983 621 2023 (Pitonius)
640 1984 749 2015 amnis
765 1994 803 2016 ex
820 1983 956 2015 XXXI.
973 1984 1012 2014 41
1030 1983 1072 2014 M
1073 1982 1195 2026 ayhoff.

176 2052 246 2091 352
