1471 2326
84 413 127 443 42

85 717 127 748 43

353 122 520 160 PLINY
534 136 544 160 :
592 122 629 160 N
631 122 856 161 ATURAL
890 122 1127 161 HISTORY

151 225 373 263 remedium
402 225 452 261 ab
480 230 625 262 natura
651 230 872 274 repertum,
899 224 1029 262 lunae.
1095 225 1328 262 multiformi

150 285 249 323 haec
296 287 466 336 ambage
510 288 630 323 torsit
675 288 835 336 ingenia
880 285 1241 335 contemplantium
1287 292 1326 323 et

150 350 377 396 proximum
392 349 567 397 ignorari
586 349 761 383 maxime
783 346 889 383 sidus
906 346 1212 397 indignantium,
1226 360 1329 384 cres-

153 421 245 445 cens
260 421 419 457 semper
433 413 503 444 aut
518 420 743 451 senescens,
760 413 801 444 et
816 407 934 444 modo
950 413 1114 444 curvata
1128 410 1169 443 in
1183 421 1330 444 cornua

152 467 294 513 falcis,1
325 469 443 506 modo
476 482 604 518 aequa
636 471 820 518 portione
853 468 991 512 divisa,
1022 468 1142 505 modo
1173 471 1330 505 sinuata

152 532 192 566 in
229 530 382 573 orbem,
418 529 619 566 maculosa
656 529 878 579 eademque
915 529 1048 566 subito
1085 532 1330 579 praenitens,

152 593 332 627 inmensa
359 591 456 627 orbe
485 590 604 640 pleno
633 603 678 627 ac
706 596 874 640 repente
902 590 1026 634 nulla,
1054 590 1149 626 alias
1179 603 1330 639 pernox

153 651 247 688 alias
266 665 355 688 sera
374 657 415 688 et
433 657 549 700 parte
568 651 647 688 diei
664 651 756 688 solis
774 651 904 688 lucem
923 651 1126 694 adiuvans,
1144 651 1331 688 deficiens

155 718 197 749 et
225 715 267 749 in
295 712 458 749 defectu
487 718 626 749 tamen
655 714 879 761 conspicua,
910 725 1012 762 quae
1042 715 1188 748 mensis
1220 715 1331 749 exitu

152 773 254 810 latet
282 787 372 810 cum
399 773 582 810 laborare
605 786 685 809 non
706 773 906 816 creditur3
943 776 1022 808 iam
1044 786 1139 809 vero
1162 772 1333 817 humilis,

153 837 232 871 iam
248 834 263 857 ²
288 834 460 878 excelsa,
486 840 527 871 et
552 847 602 870 ne
628 834 668 871 id
693 833 854 883 quidem
880 847 958 870 uno
983 833 1116 877 modo,
1140 833 1212 871 sed
1236 834 1331 870 alias

152 895 316 932 admota
359 895 470 932 caelo
514 895 608 931 alias
653 897 842 944 contigua
884 895 1101 938 montibus,
1146 908 1249 932 nunc
1292 897 1332 931 in

152 956 380 1006 aquilonem
404 956 512 993 elata
534 969 639 992 nunc
662 958 703 991 in
726 961 881 992 austros
906 955 1075 992 deiecta.
1131 969 1233 1005 quae
1256 958 1333 992 sin-

152 1017 246 1067 gula
267 1020 307 1052 in
331 1030 379 1053 ea
398 1016 666 1066 deprehendit
685 1015 890 1053 hominum
910 1019 1059 1065 primus
1080 1016 1331 1066 Endymion;

153 1078 204 1114 ob
248 1078 288 1114 id
334 1077 474 1114 amor3
523 1080 605 1114 eius
623 1077 640 1100 4
685 1076 792 1113 fama
836 1077 1020 1114 traditur.
1074 1090 1153 1114 non
1199 1091 1332 1115 sumus

151 1138 333 1189 profecto
365 1142 470 1189 grati
504 1152 601 1188 erga
633 1151 699 1175 eos
733 1141 799 1188 qui
831 1138 967 1175 labore
998 1151 1173 1188 curaque
1204 1139 1332 1176 lucem

152 1200 264 1236 nobis
291 1213 486 1249 aperuere
512 1202 552 1235 in
577 1199 650 1236 hac
675 1199 777 1243 luce,
802 1202 983 1248 miraque
1009 1198 1171 1235 humani
1198 1202 1331 1250 ingeni

152 1266 268 1310 peste
290 1263 526 1310 sanguinem
550 1266 591 1297 et
613 1260 756 1297 caedes
780 1260 953 1296 condere
977 1260 1184 1297 annalibus
1208 1263 1331 1305 iuvat,

153 1327 198 1358 ut
216 1321 369 1358 scelera
387 1321 591 1358 hominum
610 1326 824 1357 noscantur
842 1321 980 1357 mundi
1000 1323 1119 1370 ipsius
1139 1324 1298 1371 ignaris.

206 1382 391 1419 Proxima
430 1395 527 1432 ergo
565 1382 715 1419 cardini
755 1382 925 1431 ideoque
964 1384 1127 1419 minimo
1166 1383 1333 1427 ambitu,

153 1446 297 1480 vicem‘s
315 1443 454 1480 diebus
472 1446 729 1493 septenisque
747 1448 789 1480 et
805 1445 930 1480 tertia
946 1443 1025 1479 diei
1042 1449 1159 1492 parte
1175 1447 1335 1494 peragit

151 1507 282 1554 spatia
303 1504 444 1541 eadem
465 1517 568 1554 quae
588 1504 749 1541 Saturni
768 1503 875 1540 sidus
896 1504 1133 1540 altissimum
1152 1507 1334 1555 triginta,

152 1572 196 1602 ut
233 1565 384 1602 dictum
420 1571 495 1609 est,
529 1568 653 1602 annis.
708 1565 801 1602 dein
834 1571 992 1602 morata
1025 1568 1066 1601 in
1099 1568 1207 1603 coitu
1242 1566 1334 1602 solis

152 1626 287 1671 biduo,
318 1640 408 1663 cum
445 1626 684 1669 tardissime,
715 1639 739 1662 a
768 1629 970 1662 tricesima
1001 1626 1088 1662 luce
1118 1639 1251 1663 rursus
1283 1626 1334 1664 ad

398 1707 409 1726 ¹
433 1706 527 1737 Jan:
556 1706 652 1737 facie.

393 1750 405 1768 ²
428 1750 496 1780 iam
510 1749 585 1779 add.
600 1748 770 1779 Rackham
784 1760 791 1780 ε
821 1748 872 1780 ml.
887 1752 922 1780 et
935 1748 1078 1780 excelsa.

392 1791 406 1810 ³
430 1791 588 1833 Maykoff
600 1804 606 1822 z
632 1801 756 1823 amore.

394 1834 408 1853 ⁴
433 1834 483 1865 v.l.
500 1836 571 1866 eius
588 1838 719 1876 captus.

203 1937 216 1950 ‘²
240 1932 294 1962 An
312 1931 433 1972 eclipse
450 1931 488 1961 of
501 1941 566 1961 sun
583 1940 621 1961 or
639 1941 741 1962 moon
757 1940 825 1962 was
843 1929 938 1962 often
957 1929 1064 1962 called
1084 1931 1193 1964 labor:
1218 1931 1334 1974 VirgiL

158 1976 243 2007 Aen.
261 1974 290 2007 Ι.
308 1975 382 2012 742,
400 1974 512 2014 Georq.
525 1970 573 2005 Π.
590 1974 665 2006 478.

160 2046 230 2083 194
