1471 2326
367 120 534 158 PLINY
548 135 557 159 ι
607 121 871 159 NATURAL
906 121 1143 159 HISTORY

161 223 292 260 radios
312 223 406 260 luna
424 226 664 272 interpositu
683 236 753 259 suo
773 222 983 260 auferente
1000 229 1136 260 terrae
1155 229 1345 272 terraque

159 276 300 313 lunae:
353 276 426 312 hac
472 277 671 312 subeunte
717 279 946 325 repentinas
993 276 1136 313 obduci
1182 276 1345 312 terrael

160 330 349 366 tenebras
365 342 601 378 rursumque
612 329 717 364 illius
730 329 872 365 umbra
884 329 989 365 sidus
1003 328 1200 373 hebetari,
1215 342 1345 377 neque

160 382 268 418 aliud
307 395 394 418 esse
427 388 588 419 noctem
623 395 742 430 quam
780 388 915 418 terrae
950 383 1146 425 umbram,
1179 382 1346 431 figuram

161 441 298 471 autem
336 435 502 471 umbrae
540 435 711 471 similem
747 441 882 471 metae
916 447 961 471 ac
993 435 1142 471 turbini
1176 437 1346 477 inverso,

161 487 321 537 quando
336 500 525 524 mucrone
541 493 700 524 tanturn
716 490 877 537 ingruat
892 500 1023 536 neque
1043 487 1160 523 lunae
1178 487 1346 524 excedat

161 540 432 584 altitudinem,
448 543 635 590 quoniam
655 540 809 576 nullum
824 540 932 577 aliud
947 540 1053 577 sidus
1072 540 1213 577 eodem
1228 540 1346 576 modo

161 594 396 630 obscuretur
411 599 452 630 et
462 594 552 630 talis
565 593 690 643 figura
700 606 859 642 semper
870 596 910 629 in
923 607 1154 630 mucronem
1165 593 1345 630 deficiat:

162 649 291 695 spatio
312 646 473 696 quidem
492 649 670 683 consumi
689 647 850 682 umbras
869 646 1012 682 indicio
1031 652 1123 683 sunt
1143 646 1346 682 volucrum

97 704 137 734 48
164 699 334 748 praealti
383 699 550 736 volatus.
606 712 703 749 ergo
751 699 964 736 confinium
1011 699 1087 735 illis
1137 705 1199 735 est
1247 702 1348 735 aeris

161 755 355 789 terminus
394 755 631 801 initiumque
670 751 868 795 aetheris;
918 765 1039 800 supra
1075 752 1210 787 lunam
1247 764 1347 800 pura

163 808 296 841 omnia
324 819 368 841 ac
396 805 609 842 diuturnae
636 805 732 841 lucis
759 805 892 854 plena,
920 818 943 841 a
969 805 1081 841 nobis
1109 810 1246 841 autem
1275 817 1348 854 per

162 864 322 894 noctem
348 864 567 894 cernuntur
591 857 723 894 sidera
747 864 793 894 ut
816 857 971 907 reliqua
994 857 1144 894 lumina
1168 860 1210 893 in
1233 863 1347 894 tene-

161 911 255 947 bris.
311 917 352 947 et
400 917 568 960 propter
615 910 685 947 has
734 923 871 947 causas
920 916 1116 947 nocturno
1165 916 1349 959 tempore

161 963 299 1000 deficit
325 963 441 1006 luna;
482 966 579 1000 stati
607 969 744 1000 autem
772 969 895 1013 atque
922 966 1119 1000 menstrui
1148 976 1227 999 non
1254 969 1347 999 sunt

161 1019 323 1065 utrique
373 1016 571 1060 defectus,
621 1022 788 1065 propter
839 1016 1119 1066 obliquitatem
1170 1015 1349 1066 signiferi

161 1069 359 1118 lunaeque
398 1069 652 1118 multivagos,
687 1076 732 1106 ut
770 1069 923 1106 dictum
963 1069 1056 1113 est‚2
1091 1069 1231 1112 flexus,
1266 1081 1346 1105 non

160 1135 320 1171 semper
361 1125 402 1158 in
442 1123 623 1172 scripulis
666 1125 842 1172 partium
883 1128 1132 1172 congruente
1173 1122 1347 1159 siderum

161 1181 286 1212 motu.

95 1232 138 1263 49
214 1228 327 1264 VIII.
356 1228 468 1264 Haec
508 1230 612 1265 ratio
653 1227 844 1264 mortales
887 1230 1038 1264 animos
1080 1227 1266 1264 subducit
1306 1229 1348 1263 in

161 1281 331 1324 caelum,
357 1294 402 1317 ac
427 1281 538 1318 velut
564 1281 656 1317 inde
681 1281 1046 1330 contemplantibus
1072 1283 1195 1317 trium
1220 1283 1347 1316 maxi-

161 1347 317 1370 marum
375 1347 511 1372 rerum
570 1340 738 1370 naturae
796 1337 973 1383 partium
1027 1333 1346 1383 magnitudinem

161 1386 342 1436 detegit;
388 1400 468 1423 non
498 1393 635 1436 posset
667 1390 814 1436 quippe
845 1393 954 1423 totus
987 1386 1047 1423 sol
1078 1387 1198 1423 adimi
1228 1389 1348 1423 terris

161 1439 440 1476 intercedente
470 1440 564 1476 luna
593 1442 625 1476 si
654 1445 768 1477 terra
797 1442 924 1476 maior
955 1445 1062 1476 esset
1093 1453 1212 1488 quam
1241 1439 1346 1476 luna.

160 1493 337 1530 certior³
358 1506 407 1530 ex
436 1499 607 1542 utraque
632 1496 795 1529 vastitas
825 1493 918 1529 solis
947 1492 1183 1542 aperietur,4
1197 1498 1241 1529 ut
1269 1505 1348 1529 non

390 1599 402 1619 ¹
426 1602 536 1630 terrae
550 1598 625 1630 add.
641 1601 685 1638 (Τ)
703 1599 866 1639 Mayhoff.

387 1642 400 1661 ⁸
424 1643 478 1681 [ut
495 1642 625 1672 dictum
642 1643 708 1680 est]
726 1641 795 1673 edd.
814 1645 871 1674 vet.

387 1683 400 1702 ³
423 1684 513 1716 Beda
529 1697 535 1715 :
563 1685 665 1715 tertia
678 1684 768 1715 codd.

386 1727 400 1747 ⁴
422 1728 594 1768 aperietur
610 1728 684 1767 (viz.
703 1728 770 1767 §51
789 1726 853 1766 f.):
885 1726 936 1758 v.l.
954 1727 1117 1767 aperitur.

211 1895 226 1910 ¹²
248 1891 308 1922 Le.
325 1891 370 1932 by
384 1890 444 1922 the
458 1890 689 1921 intervention
704 1889 743 1921 of
752 1889 811 1921 the
825 1890 933 1922 earth.

212 1933 225 1953 ¹³
247 1933 290 1964 In
304 1935 319 1973 ξ
334 1935 372 1965 51
390 1933 413 1964 f.
460 1934 491 1964 A
505 1934 641 1964 variant
655 1934 748 1974 gives
764 1932 771 1945 ‘
787 1933 846 1964 the
860 1933 953 1964 sun's
968 1932 1167 1974 magnitude
1182 1933 1209 1965 is
1229 1933 1346 1965 shown

164 1986 202 2007 as
217 1976 309 2008 third
322 1977 359 2008 in
373 1976 432 2008 tho
445 1976 557 2014 series,
573 1977 719 2018 starting
734 1975 822 2007 from
836 1976 896 2008 the
909 1980 978 2008 two
993 1975 1131 2008 others!

167 2037 236 2084 198
