1471 2326
369 129 537 166 PLINY
551 143 560 167 ε
609 130 873 167 NATURAL
906 129 1143 168 HISTORY

170 237 213 268 et
250 231 414 268 aliorum
451 234 611 268 nomina
648 231 812 268 deorum
850 237 891 268 et
929 245 1031 281 quae
1068 246 1187 282 supra
1223 233 1338 271 retuli

168 285 343 321 siderum
383 298 432 321 ex
471 284 675 321 hominum
713 290 810 321 nata
847 291 939 321 sunt
978 288 1152 322 meritis:
1207 286 1339 324 Iovem

169 337 330 386 quidem
357 343 427 374 aut
453 338 697 374 Mercm‘ium
717 337 881 374 aliterve
905 337 999 374 alios
1021 341 1126 374 inter
1148 351 1190 375 se
1214 342 1341 375 vocari

169 396 211 426 et
245 403 331 427 esse
365 390 581 427 caelestem
613 390 955 427 nomenclaturam
989 393 1075 439 quis
1108 404 1187 427 non
1220 394 1341 428 inter-

96 446 142 478 20
164 446 392 492 pretatione
439 449 606 480 naturae
652 443 855 480 fateatur?
905 443 1157 480 inridendum
1221 457 1340 494 agere

96 764 136 794 21

94 1187 137 1218 22

167 509 303 532 curam
336 509 468 532 rerum
499 495 763 532 humanarum
793 496 891 533 illud
923 497 1111 545 quicquid
1144 503 1205 533 est
1237 511 1341 534 sum-

167 561 289 584 mum.
347 562 449 585 anne
483 554 569 585 tam
602 551 709 585 tristi
737 555 859 598 atque
887 549 1096 598 multiplici
1124 552 1342 587 ministerio

167 614 245 637 non
283 601 403 651 pollui
442 601 676 638 credamus?
719 601 1028 638 dubitemusne?
1090 604 1154 638 vix
1192 601 1341 652 prope1

167 660 227 690 est
247 654 422 691 iudicare
447 661 580 691 utrum
609 657 735 705 magis
764 655 960 691 conducat
989 657 1126 705 generi
1154 654 1342 699 humano,

166 707 325 756 quando
373 708 456 744 aliis
503 707 632 744 nullus
680 713 742 744 est
788 707 953 744 deorum
1000 713 1219 757 respectus,
1253 709 1338 745 aliis

162 760 397 810 pudendus:
445 763 620 797 externis
662 760 906 797 famulantur
949 763 1083 804 sacris,
1115 774 1160 796 ac
1203 761 1338 811 digitis

163 813 260 849 deos
277 819 462 863 gestant3
492 819 671 850 monstra
688 826 845 863 quoque
864 826 966 862 quae
983 813 1119 849 colunt
1136 813 1342 858 damnant,

163 871 206 902 et
238 868 470 916 excogitant
499 867 629 909 cibos3
672 868 839 915 imperia
869 866 955 902 dira
983 869 1024 902 in
1054 869 1158 915 ipsos
1188 866 1261 903 se²
1292 880 1341 903 ne

161 932 300 955 somno
326 919 487 968 quidem
512 922 668 968 quietos
683 919 699 942 ³
723 922 931 968 inrogant3
970 932 1049 955 non
1073 922 1341 963 matrimonia,

162 984 242 1007 non
265 972 422 1016 liberos,
446 985 524 1008 non
547 972 719 1021 denique
744 975 956 1021 quicquam
979 971 1086 1008 aliud
1109 974 1183 1008 nisi
1204 974 1341 1009 iuben-

161 1025 270 1061 tibus
305 1027 424 1061 sacris
460 1025 664 1075 deligunt3
714 1025 779 1061 alii
813 1027 854 1061 in
889 1025 1084 1074 Capitolio
1120 1025 1263 1062 fallunt
1297 1039 1342 1062 ac

162 1076 443 1114 fulminantem
460 1081 665 1127 periurant
686 1078 916 1114 Iovem—et
933 1077 1003 1114 hos
1021 1080 1159 1115 iuvant
1176 1078 1341 1122 scelera,

161 1130 246 1167 illos
266 1143 378 1167 sacra
397 1144 467 1167 sua
487 1133 624 1180 poenis
645 1136 782 1180 agunt.

218 1182 377 1220 Invenit
424 1189 563 1219 tamen
611 1186 716 1219 inter
764 1182 834 1219 has
883 1188 1075 1232 utrasque
1123 1186 1342 1220 sententias

161 1236 341 1272 medium
382 1237 456 1272 sibi
497 1239 583 1285 ipsa
623 1236 848 1272 mortalitas
890 1249 1052 1279 numen,
1095 1249 1173 1285 quo
1214 1239 1342 1273 minus

163 1291 288 1325 etiam
315 1289 435 1338 plana
462 1289 512 1325 de
540 1288 616 1325 deo
643 1292 882 1325 coniectatio
911 1294 1040 1325 esset:
1080 1294 1168 1326 toto
1197 1292 1343 1339 quippe

161 1341 313 1378 mundo
343 1348 384 1378 et
412 1342 592 1378 omnibus
620 1341 715 1378 locis
743 1342 1005 1391 omnibusque
1032 1341 1139 1378 horis
1167 1345 1342 1379 omnium

163 1395 324 1431 vocibus
346 1395 522 1431 Fortuna
540 1394 625 1431 sola
644 1398 848 1431 invocatur
868 1408 912 1431 ac
932 1397 1173 1439 nominatur,
1187 1408 1266 1431 una
1281 1409 1343 1432 ac-

165 1454 339 1491 cusatur,
355 1461 423 1484 rea
438 1461 517 1484 una
533 1450 678 1498 agitur,
694 1461 772 1484 una
792 1447 1025 1497 cogitatur,4
1042 1447 1127 1484 sola
1145 1448 1343 1492 laudatur,

163 1500 248 1536 sola
278 1504 458 1550 arguitur
488 1506 530 1538 et
559 1514 648 1537 cum
678 1503 860 1537 comiciis
890 1501 1055 1537 colitur:
1098 1500 1292 1545 volubilis,
1321 1514 1343 1537 a

164 1553 366 1603 plerisque
387 1567 482 1590 vero
504 1559 545 1590 et
565 1566 684 1590 caeca
706 1556 948 1597 existimata,
969 1566 1083 1603 vaga,
1102 1556 1343 1598 inconstans,

303 1663 315 1682 ¹
339 1663 405 1694 Vix
419 1663 560 1703 prodest
574 1663 616 1694 M
617 1663 738 1703 ayhoff‚
755 1663 814 1694 vix
828 1663 984 1703 profecto
998 1662 1174 1704 Detlessen.

301 1706 313 1725 ²
335 1716 371 1737 se
387 1705 462 1737 add.
480 1705 660 1737 Rackham.

300 1747 314 1766 ²³
336 1748 527 1780 Rackham:
555 1749 684 1788 quieto,

302 1790 315 1810 ⁴
340 1792 423 1830 [una
439 1792 623 1832 cogitatur]
641 1791 821 1832 Campbell.

209 1953 225 1969 ⁰
246 1949 305 1981 Le.
321 1949 490 1990 engraved
504 1960 548 1980 on
562 1950 661 1990 rings.

165 1991 225 2065 th'
248 1992 307 2023 Le.
333 1992 485 2023 whether
508 1996 545 2024 to
569 2003 643 2025 rear
667 2002 705 2024 or
728 1995 765 2024 to
789 2002 914 2035 exposa
938 1991 997 2023 the
1023 1991 1173 2024 children
1197 1992 1281 2024 bom
1306 1998 1340 2025 ω

207 2045 270 2066 em.

165 2096 232 2132 182
