1471 2326
408 121 534 160 PLIN
538 122 573 159 Y
588 135 598 160 ι
647 122 910 160 NATURAL
945 123 1181 161 HISTORY

205 227 418 261 consentit.
472 227 512 260 in
541 227 626 274 ripa
655 224 788 261 Baetis
819 224 1008 274 oppidum
1039 230 1100 262 est
1128 228 1237 262 cuius
1267 229 1380 275 putei

205 289 414 320 crescente
451 289 566 320 aestu
603 287 849 328 minuuntur,
886 290 1107 334 augescunt
1143 284 1382 329 decedente,

206 342 346 379 mediis
382 348 611 392 temporum
646 343 881 379 immobiles.
937 343 1078 379 eadem
1113 349 1258 380 natura
1292 344 1384 380 His-

206 401 287 451 pali
309 404 350 437 in
372 404 457 450 ipso
481 401 626 450 oppido
643 401 658 424 1
682 404 749 437 um*
772 407 911 450 puteo,
933 405 1078 438 ceteris
1103 402 1286 452 vulgaris.
1341 407 1383 439 et

207 459 356 497 Pontus
375 473 533 509 semper
553 466 670 496 extra
687 466 796 496 meat
814 463 854 496 in
874 459 1172 510 Propontidem,
1190 463 1383 497 introrsus

205 521 247 556 in
268 518 439 556 Pontum
461 532 678 568 numquam
697 518 821 555 refluo
841 522 953 556 mari.

121 581 187 614 220
260 577 325 614 CI.
391 578 536 615 Omnia
588 577 707 627 pleno
765 577 887 615 fluctu
903 578 918 601 2
971 581 1097 614 maria
1148 583 1386 628 purgantur,

208 637 405 686 quaedam
446 642 488 674 et
526 641 635 673 stato
674 642 871 686 tempore.
925 639 1030 673 circa
1072 636 1302 673 Messanam
1344 642 1386 674 et

210 695 342 746 Mylas
372 696 463 732 fimo
490 695 635 732 similia
662 701 891 745 expuuntur
917 698 959 732 in
984 696 1077 733 litus
1106 701 1386 746 purgamenta,

206 754 313 791 unde
338 753 473 791 fabula
498 760 560 791 est
584 754 683 791 Solis
707 755 828 791 boves
853 755 907 791 ibi
931 755 1136 791 stabulari.
1189 754 1248 791 his
1274 754 1386 792 addit

208 813 270 864 (ut
290 813 387 850 nihil
407 813 513 863 quod
529 813 714 863 equidem
735 816 913 850 noverim
928 813 1198 864 praeteream)
1214 814 1388 850 Aristot-

205 873 309 909 teles
338 873 492 909 nullum
521 873 666 909 animal
695 875 769 908 nisi
799 879 915 909 aestu
942 872 1158 910 recedente
1189 875 1385 922 expirare.

208 931 477 968 Observatum
491 931 531 968 id
545 932 716 968 multum
730 934 770 968 in
786 931 939 968 Gallico
954 944 1102 968 oceano
1118 937 1159 968 et
1174 931 1387 969 dumtaxat

207 993 249 1027 in
268 989 428 1027 homine
449 996 712 1040 compertum.

122 1053 184 1085 221
261 1049 348 1086 CII.
403 1049 492 1096 Quo
528 1062 623 1086 vera
657 1051 896 1086 coniectatio
933 1052 1070 1086 existit
1105 1047 1204 1085 haut
1238 1048 1388 1085 frustra

207 1111 367 1158 spiritus
383 1108 489 1145 sidus
511 1108 645 1144 lunam
658 1108 673 1131 3
695 1110 927 1152 existimari,
941 1107 1015 1144 hoc
1037 1121 1122 1144 esse
1139 1107 1245 1157 quod
1259 1113 1388 1144 terras

207 1173 376 1211 saturet,
421 1167 694 1216 accedensque
739 1180 907 1216 corpora
951 1167 1132 1216 impleat,
1170 1166 1388 1203 abscedens

205 1228 379 1270 inaniat3
415 1226 506 1263 ideo
525 1240 615 1263 cum
636 1229 883 1262 incremento
905 1228 987 1262 eius
1009 1227 1148 1275 augeri
1167 1224 1387 1275 conchylia,

206 1292 250 1323 et
273 1288 448 1323 maxime
473 1288 658 1335 spiritum
684 1288 834 1322 sentire
861 1286 1002 1335 quibus
1028 1287 1188 1335 sanguis
1214 1298 1295 1321 non
1318 1287 1385 1330 sit,

207 1344 279 1382 sed
305 1350 347 1382 et
371 1348 607 1394 sanguinem
631 1344 837 1380 hominum
863 1347 986 1381 etiam
1011 1357 1102 1380 cum
1126 1344 1275 1380 lumine
1302 1346 1384 1380 eius

209 1407 349 1454 augeri
375 1417 419 1441 ac
446 1407 583 1448 minui,
609 1403 770 1440 frondes
799 1416 957 1453 quoque
984 1416 1029 1440 ac
1055 1402 1202 1452 pabula
1229 1402 1290 1453 (ut
1316 1416 1387 1440 suo

208 1463 294 1500 loco
309 1463 479 1514 dicetur)
494 1466 659 1507 sentire,
672 1466 714 1499 in
727 1466 859 1500 omnia
875 1463 1015 1499 eadem
1029 1467 1271 1512 penetrante
1286 1464 1335 1499 vi.

122 1526 189 1559 222
260 1522 369 1560 CIII.
419 1523 562 1573 Itaque
573 1523 664 1559 solis
676 1522 817 1559 ardore
828 1525 998 1559 siccatur
1008 1522 1151 1571 liquor,
1162 1527 1203 1558 et
1215 1520 1289 1558 hoc
1302 1533 1389 1558 esse

206 1582 425 1619 masculum
447 1582 554 1619 sidus
583 1584 821 1631 accepimus,
848 1587 1005 1618 torrens
1036 1586 1180 1617 cuncta
1207 1580 1389 1617 sorbens-

207 1654 308 1692 que3
342 1644 398 1679 sic
415 1644 516 1678 mari
537 1641 619 1678 late
637 1643 794 1691 patenti
814 1653 998 1690 saporem
1017 1642 1174 1690 incoqui
1192 1639 1298 1683 salis,
1316 1645 1386 1677 aut

282 1728 296 1747 ¹
320 1727 490 1759 Rackham
505 1739 512 1758 z
530 1726 665 1767 Hispali
681 1726 760 1766 (v.ll.
777 1726 812 1757 in
827 1726 950 1766 ipsote,
967 1726 1003 1757 in
1019 1724 1166 1766 Hispali)
1183 1724 1323 1765 oppido.

281 1771 294 1790 ²
318 1771 358 1802 M
360 1770 474 1810 ayhoff
485 1782 492 1802 :
520 1770 609 1810 pleni
625 1770 718 1801 unio.

281 1812 295 1831 ²
317 1814 476 1854 spiritum
492 1813 584 1844 sidus
599 1813 700 1843 lunae
716 1811 785 1844 edd.
803 1815 873 1843 vett.

255 1905 270 1920 ⁰
294 1900 350 1937 Or,
375 1900 555 1956 emending
578 1900 637 1931 the
660 1902 747 1937 text,
771 1897 779 1911 ‘
795 1898 854 1930 the
877 1898 1009 1930 moon’s
1031 1901 1103 1929 star
1125 1898 1153 1929 is
1177 1896 1327 1928 believed
1351 1899 1388 1930 to

208 1942 424 2018 be⁶bggll7tlhsL
440 1986 501 2017 321
520 1984 556 2018 ff.

210 2044 282 2090 348
