1471 2326
375 136 543 174 PLINY
557 150 566 174 :
616 137 880 174 NATURAL
916 137 1153 175 HISTORY

176 238 284 275 fecto
310 238 398 275 illos
426 242 616 275 avaritiae
644 245 766 288 atque
793 238 973 275 luxuriae
1000 238 1168 275 cuniculi
1193 238 1354 275 refodis·

177 308 267 339 sent
283 303 290 339 ἔ
347 308 389 339 et
404 305 594 338 miramur
609 305 640 338 si
659 302 800 339 eadem
816 301 867 338 ad
882 315 1028 338 noxam
1042 305 1181 352 genuit
1197 302 1354 351 aliqua?

95 371 157 402 159
181 365 291 402 ferae
344 369 464 409 enim,
515 366 648 409 credo,
700 365 929 402 custodiunt
979 365 1088 402 illam
1140 371 1356 415 arcentque

176 429 387 480 sacrilegas
407 443 546 466 manus
564 443 572 473 ;
599 442 729 466 nonne
744 429 758 451 1
774 432 880 465 inter
898 435 1105 478 serpentes
1125 428 1294 465 fodimus
1316 435 1357 466 et

177 506 296 529 venas
318 496 402 529 auri
422 499 641 530 tractamus
662 506 752 529 cum
773 495 914 529 veneni
934 492 1157 529 radicibus?
1209 492 1358 542 placat-

178 559 261 593 iore
302 563 441 593 tamen
481 556 558 593 dea
599 559 748 593 utimur
786 556 836 592 ob
877 555 965 600 hoc,
1002 555 1109 605 quod
1145 569 1281 592 omnes
1318 555 1357 592 hi

178 620 408 669 opulentiae
450 623 580 657 exitus
623 620 674 656 ad
714 620 867 656 scelera
907 619 1130 669 caedesque
1172 625 1214 656 et
1254 619 1359 656 bella

177 684 365 727 tendunt,
383 697 582 733 quamque
599 687 792 733 sanguine
808 689 947 720 nostro
963 686 1136 733 rigamus
1153 683 1358 732 insepultis

178 748 329 784 ossibus
369 751 557 797 tegimus,
598 748 739 797 quibus
779 753 917 784 tamen
957 746 1068 784 velut
1107 752 1329 796 expurgato
1344 746 1359 769 ²

178 810 313 848 furore
346 811 512 848 tandem
545 815 631 861 ipsa
664 824 707 848 se
742 810 905 847 obducit
940 816 982 847 et
1015 810 1168 846 scelera
1203 823 1360 860 quoque

177 875 405 911 mortalium
423 875 607 912 occultat.

230 938 342 975 Inter
370 942 535 975 crimina
559 941 704 988 ingrati
732 941 850 974 animi
875 944 916 975 et
939 937 1012 974 1100
1042 937 1225 974 duxerim
1255 937 1361 987 quod

96 1007 157 1038 160
181 1008 366 1039 naturam
391 1005 473 1039 eius
497 1006 737 1052 ignoramus,
793 1001 934 1038 LXIV.
990 1007 1052 1039 est
1075 1007 1211 1038 autem
1236 1002 1361 1051 figura

178 1069 306 1115 prima
332 1066 382 1103 de
410 1080 488 1116 qua
513 1079 725 1103 consensus
753 1066 912 1103 iudicat.
967 1066 1107 1102 orbem
1132 1071 1243 1102 certe
1269 1065 1361 1102 dici-

177 1143 264 1166 mus
295 1136 446 1174 terrae,
475 1130 720 1180 globumque
752 1130 966 1166 verticibus
998 1129 1145 1166 includi
1175 1128 1360 1165 fatemur.

183 1207 314 1243 neque
329 1198 435 1231 enim
451 1194 622 1231 absoluti
638 1194 742 1230 orbis
760 1199 820 1230 est
834 1193 961 1229 forma
976 1196 1017 1229 in
1035 1198 1151 1229 tanta
1165 1195 1361 1229 montium

179 1258 430 1301 excelsitate,
474 1264 590 1294 tanta
634 1270 866 1306 camporum
911 1257 1091 1306 planitie,
1136 1255 1208 1293 sed
1252 1259 1361 1294 cuius

179 1321 400 1371 amplexus,
439 1324 469 1358 si
509 1324 640 1371 capita
678 1320 941 1358 cunctarum3
979 1320 1162 1356 liniarum
1199 1333 1363 1369 conpre-

178 1384 406 1422 hendantur
435 1386 603 1429 ambitu,
634 1385 801 1435 figuram
832 1384 1004 1421 absoluti
1033 1384 1138 1420 orbis
1169 1384 1364 1421 efficiat-

180 1449 220 1485 id
245 1449 351 1498 quod
375 1453 460 1498 ipsa
483 1462 618 1486 rerum
643 1455 787 1485 natura
811 1451 933 1498 cogit,
958 1461 1038 1484 non
1062 1447 1214 1484 eisdem
1237 1450 1362 1484 causis

182 1526 278 1562 quas
305 1513 512 1550 attulimus
539 1516 579 1549 in
603 1513 727 1550 caelo.
781 1525 954 1562 namque
979 1515 1019 1548 in
1043 1512 1112 1548 illo
1137 1524 1233 1548 cava
1257 1514 1298 1547 in
1320 1524 1363 1548 se

180 1580 409 1613 convexitas
429 1580 560 1626 vergit
581 1583 621 1614 et
641 1576 790 1613 cardini
809 1589 893 1620 suo,
911 1575 985 1612 hoc
1006 1581 1067 1612 est
1084 1581 1234 1619 terrae,
1252 1575 1363 1612 undj-

182 1654 259 1690 que
293 1641 500 1684 incumbit,
532 1640 630 1677 haec
664 1646 709 1677 ut
740 1640 866 1677 solida
897 1653 942 1677 ac
973 1639 1155 1676 conferta
1186 1638 1363 1689 adsurgit

182 1707 464 1742 intumescenti
490 1705 627 1741 similis
655 1710 851 1754 extraque
877 1703 1141 1753 protenditur.
1194 1702 1363 1739 mundus

183 1771 222 1804 in
244 1775 428 1805 centrum
450 1771 594 1819 vergit,
617 1774 659 1805 at
680 1774 793 1805 terra
816 1771 899 1805 exit
923 1781 946 1804 a
967 1773 1120 1810 centro,
1142 1769 1363 1803 inmensum

282 1846 294 1865 ¹
319 1847 372 1878 v.l.
389 1857 468 1878 non.
667 1846 679 1864 ²
703 1846 895 1876 Rackkam:
923 1845 1145 1885 exprobrato.

283 1888 296 1908 ³
319 1889 459 1929 Iynotus
475 1889 568 1929 apud
583 1888 838 1929 Dalecampz'um
853 1900 859 1920 :
882 1889 908 1919 si
925 1891 1047 1919 cuncta
1063 1890 1121 1918 aut
1138 1887 1164 1918 si
1182 1887 1305 1928 capita.

230 1967 244 1982 ⁸
268 1964 327 1995 Le.
344 1964 534 2004 imaginary
549 1963 633 1994 radii
650 1963 767 1994 drawn
779 1963 866 1994 from
882 1962 941 1993 the
957 1966 1071 1993 centre
1086 1965 1122 1993 to
1138 1961 1196 1992 the
1212 1965 1363 2002 topmost

185 2007 283 2048 point
299 2006 337 2037 of
348 2007 431 2038 each
446 2006 694 2048 protuberance
711 2016 755 2037 on
771 2005 830 2037 the
846 2005 975 2037 earth's
992 2005 1135 2035 susiane.

181 2071 252 2108 294
