1471 2326
368 126 535 166 PLINY
549 141 558 166 ε
608 128 873 167 NATURAL
907 129 1145 169 HISTORY

170 242 249 279 que
275 235 317 266 et
342 242 428 266 aras
455 235 497 266 et
521 243 634 266 sacra
657 229 864 274 habemus,
887 233 1073 281 interque
1098 231 1277 269 Statores
1302 245 1347 270 ac

168 303 370 340 Tonantes
408 309 449 341 et
487 304 688 341 Feretrios
725 305 896 341 Elicium
933 319 1090 355 quoque
1126 309 1348 356 accepimus

89 383 147 414 141
174 377 321 414 Iovem.
375 380 484 415 varia
508 381 549 414 in
566 377 640 415 hoc
664 381 770 416 vitae
789 382 990 416 sententia
1009 385 1051 416 et
1068 392 1141 429 pro
1159 383 1348 430 cuiusque

169 454 312 488 am'mo.
367 455 565 502 imperare
585 458 753 489 naturae
779 466 891 490 sacra
911 453 1069 490 audacis
1090 460 1152 491 est
1170 454 1350 498 credere,

176 539 250 562 nec
275 529 403 563 minus
429 526 586 563 hebetis
611 527 811 564 beneficiis
838 528 1030 578 abrogare
1055 531 1171 572 vires,
1191 528 1349 578 quando
1407 560 1410 561 γ

169 602 210 636 in
255 600 457 650 fulgurum
503 614 661 651 quoque
707 604 1041 651 interpretatione
1087 615 1134 639 eo
1178 602 1350 652 profecit

169 677 337 711 scientia
367 681 411 712 ut
443 681 612 712 ventura
643 676 720 712 alia
751 676 862 713 finito
893 676 957 713 die
987 680 1193 726 praecinat
1225 682 1267 714 et
1298 689 1350 713 an

168 755 428 799 peremptura
467 753 546 787 sint
587 750 768 787 factuml
806 750 906 787 aut2
942 754 1050 800 prius
1092 751 1169 788 alia
1209 751 1348 788 facta³

166 837 268 873 quae
305 824 473 868 lateant,
509 825 863 861 innumerabilibus
899 828 940 861 in
972 831 1143 875 utroque
1180 825 1347 875 publicis

166 901 409 948 privatisque
443 902 739 948 experimentis.
794 900 1052 950 quamobrem
1085 902 1165 937 sint
1195 902 1273 937 ista
1303 906 1349 937 ut

166 986 301 1009 rerum
335 979 502 1010 naturae
536 973 665 1017 libuit,
693 974 788 1010 alias
822 979 935 1011 certa
967 974 1062 1011 alias
1095 974 1230 1018 dubia,
1263 974 1347 1011 aliis

167 1047 337 1097 probata
368 1048 452 1084 aliis
486 1047 725 1092 damnanda,
753 1061 823 1085 nos
856 1048 1022 1085 cetera⁴
1051 1062 1153 1099 quae
1186 1054 1279 1086 sunt
1306 1051 1348 1086 in

166 1120 226 1158 his
245 1122 519 1158 memorabilia
536 1135 616 1159 non
634 1125 876 1160 omittemus.

83 1199 146 1232 142
221 1196 301 1233 LV.
357 1197 592 1247 Fulgetrum
608 1200 715 1246 prius
733 1201 841 1234 cerni
859 1211 979 1248 quam
995 1200 1188 1235 tonitrum
1207 1198 1347 1243 audiri,

167 1285 257 1308 cum
275 1271 391 1308 simul
410 1272 521 1316 fiant,
538 1278 693 1309 certum
713 1278 774 1309 est
793 1272 881 1322 (nec
898 1275 1056 1317 mirum,
1075 1276 1261 1323 quoniam
1277 1272 1346 1310 lux

167 1349 299 1383 som'tu
321 1346 532 1397 velocior);
566 1349 690 1384 ictum
711 1353 847 1384 autem
870 1353 911 1384 et
931 1350 1105 1384 sonitum
1125 1361 1347 1398 congruere

166 1423 224 1457 ita
261 1420 493 1458 modulante
532 1427 689 1465 natura,
727 1421 798 1458 sed
836 1424 1009 1458 sonitum
1047 1421 1219 1471 profecti
1258 1435 1344 1459 esse

167 1494 355 1539 fulminis,
393 1509 471 1532 non
509 1495 644 1539 inlati3
696 1499 915 1533 etiamnum
953 1499 1136 1546 spiritum
1173 1499 1344 1533 ociorem

166 1568 346 1613 fulmine,
385 1570 475 1607 ideo
515 1573 624 1620 quati
664 1573 771 1620 prius
811 1583 928 1608 omne
968 1576 1010 1608 et
1049 1570 1186 1608 adflari
1225 1584 1345 1621 quam

163 1647 341 1693 percuti3
373 1658 447 1682 nec
466 1658 707 1695 quemquam
725 1648 837 1695 tangi
857 1648 923 1695 qui
942 1644 1086 1682 viderit
1103 1644 1256 1682 fulmen
1274 1651 1343 1682 aut

162 1722 356 1756 tonitrum
377 1719 559 1756 audierit.
614 1719 726 1756 laeva
744 1732 937 1769 prospera
956 1722 1234 1757 existimantur
1249 1733 1344 1770 quo-

320 1809 331 1827 ¹
357 1807 407 1839 v.l.
422 1808 544 1838 fatum.
783 1808 796 1826 ²
820 1808 874 1839 v.l.
892 1812 954 1839 aut
970 1812 1140 1849 apertura.

318 1851 330 1869 ³
354 1851 406 1882 v.l.
425 1851 508 1881 fata.
783 1850 795 1869 ⁴
843 1850 892 1881 v.l.
909 1850 951 1881 de
965 1855 1090 1882 cetero.

207 1946 221 1960 ⁶
244 1941 383 1982 Jupiter
405 1946 441 1972 to
461 1941 572 1973 whom
589 1941 701 1982 spolia
722 1942 837 1982 opima
854 1952 942 1973 were
962 1941 1091 1973 offered
1107 1942 1143 1973 in
1158 1946 1276 1974 return
1292 1941 1342 1974 {ox

162 1984 297 2025 victory
313 1985 347 2015 in
364 1984 484 2016 battle.

161 2037 232 2083 278
